3140 5068
815 437 1022 502 -η,

536 608 699 688 Ἐπίκουρος
715 613 798 686 ἔλεγε
816 613 907 679 ταῦθ’,
927 609 945 667 d
963 613 1015 670 νῦν
1034 609 1089 685 ἐγὼ
1108 613 1186 684 λέγω.

533 699 559 754 εἶ
577 700 676 756 τοῦτον
693 700 887 766 ἔζωνπάντες,
906 696 939 753 ὃν
957 696 1010 772 a’yd
1031 702 1067 764 ζεῖ
1084 701 1153 769 βίον,

534 782 593 840 οὔτ’
611 784 714 849 ἄτοπος
732 774 767 860 ἦν
786 784 821 840 ἂν
840 784 907 840 οὔτε
923 783 1022 860 μοιχὸς
1041 781 1104 840 ccidi
1126 778 1175 845 εἷς.

325 872 383 936 His
404 874 550 939 omnibus
565 869 700 961 'Epicuri
720 875 855 961 exprimi
877 875 1066 940 sententiam
1085 896 1101 938 e
1120 894 1212 938 versu
1228 874 1256 952 4,
1280 872 1370 937 cuius
1387 875 1504 934 ταῦτα

326 973 484 1051 studea,
517 995 596 1058 quac
618 974 816 1056 antecedunt,
847 984 878 1040 et
899 975 938 1040 ad
960 997 1004 1052 ea,
1033 995 1112 1058 quae
1134 980 1316 1057 sequuntur,
1348 974 1506 1057 pertinet,

326 1073 401 1137 satis
433 1083 570 1159 apparet.
624 1074 704 1151 Quid
738 1083 845 1140 antem
882 1076 930 1139 his
965 1075 1107 1140 versibus
1139 1074 1286 1138 admonet
1319 1073 1508 1158 Epicurus?

326 1174 441 1238 Sensus
457 1174 508 1238 hic
527 1173 653 1240 videtur
674 1195 756 1240 esse:
780 1176 835 1259 qui
855 1175 1021 1240 mulierem
1041 1173 1202 1259 pulchram
1221 1172 1370 1258 ampiecti
1394 1183 1508 1258 potest

327 1282 359 1337 et
380 1274 441 1339 duc
454 1274 577 1339 Lesbici
599 1275 667 1339 vini
690 1277 801 1360 pocula
822 1276 883 1340 sibi
906 1295 1018 1354 emere,
1041 1273 1068 1338 is
1087 1273 1212 1358 sapiens
1233 1282 1289 1352 eet,
1313 1272 1346 1337 id
1365 1293 1441 1338 vero
1458 1284 1512 1336 est

328 1376 453 1441 bonum.
496 1376 581 1439 Haec
603 1375 756 1461 Epicurus
789 1376 880 1455 dixit,
915 1397 995 1460 quae
1023 1395 1078 1457 ego
1110 1395 1194 1439 nunc
1223 1374 1300 1438 dicu.
1352 1373 1387 1438 Si
1421 1373 1509 1438 hanc

328 1477 425 1540 vitam
449 1498 557 1542 omncs
577 1476 737 1556 viverent,
761 1498 855 1561 qnam
877 1499 931 1558 ego
954 1475 1036 1556 vivo,
1068 1496 1169 1559 neque
1191 1474 1306 1538 stultns
1329 1474 1508 1558 quisquam

329 1586 410 1642 essct
432 1598 532 1661 neque
552 1577 692 1656 adulter,
723 1598 761 1641 ne
783 1598 864 1642 unus
885 1577 1021 1661 quidem.
1066 1577 1097 1641 Is
1120 1575 1233 1659 igitur,
1266 1575 1320 1660 qui
1342 1596 1452 1639 amere
1474 1585 1509 1638 et

330 1678 418 1758 vinc,
441 1678 497 1742 hoe
520 1684 567 1741 est
590 1677 642 1761 qui
666 1677 825 1763 voluptate
849 1678 979 1757 fruitur,
1002 1677 1127 1762 sapiens
1149 1685 1205 1756 est,
1228 1675 1371 1761 voluptas
1394 1685 1509 1741 autem

330 1777 399 1863 ipsa
421 1778 535 1843 bunum
559 1776 756 1863 praedicatur
773 1786 867 1862 atque
884 1777 967 1841 vitae
987 1777 1068 1842 finis.
1112 1778 1212 1841 Versu
1228 1776 1340 1840 deinde
1353 1778 1382 1854 5,
1405 1797 1507 1860 quem

333 1880 410 1942 bene
444 1878 476 1942 in
508 1879 591 1942 hunc
624 1877 750 1942 modum
784 1878 1007 1962 interpretatur
1028 1877 1184 1942 chkius:
1216 1878 1246 1940 si
1277 1897 1342 1940 meo
1372 1878 1509 1941 consilio

331 1986 494 2043 uterentur
515 1999 636 2054 omncs,
668 1977 743 2042 laeti
764 1983 793 2042 et
818 1980 952 2043 content·
973 1985 1073 2042 essent
1093 1980 1150 2056 iis,
1179 1999 1260 2060 pace
1288 1978 1409 2044 donnini
1431 2001 1509 2063 per·

331 2081 449 2144 missae
469 2084 553 2161 aunt,
586 2078 813 2160 voluptatibus,
849 2079 980 2158 iterum,
1020 2090 1056 2144 ut
1089 2079 1276 2165 cupiditates
1308 2078 1469 2160 finiamus,
1480 2079 1507 2158 ¹)

334 2179 534 2264 praecipitur.

418 2279 511 2344 Perre
528 2279 700 2365 Hegesippi
721 2280 912 2345 afferendum
936 2286 983 2343 est
1005 2281 1127 2362 frgm.2
1146 2279 1246 2362 (chk
1260 2281 1306 2344 111
1325 2300 1393 2364 pag.
1406 2278 1507 2360 314):

542 2378 704 2449 Ἐπίκουρος
722 2371 736 2430 ὅ
755 2373 841 2446 σοφὸς
859 2374 1027 2439 α’ξικίσαντός
1045 2396 1122 2439 τινος

544 2462 636 2517 εἰπεῖν
653 2459 723 2537 πρὸς
740 2459 826 2518 αὐτὸν
844 2461 859 2517 ὅ
878 2483 904 2517 τι
923 2459 985 2518 ποτ’
1002 2461 1060 2518 ἐστὶ
1078 2465 1212 2534 τάγαθόν,

543 2543 558 2602 ὅ
577 2545 623 2603 διὰ
643 2547 737 2610 τέλους
758 2550 893 2623 ζητοῦσιν,
914 2547 994 2605 εἶπεν
1013 2545 1124 2623 ἡδονήν.

543 2622 575 2690 eri
593 2631 621 2706 γ’
640 2622 662 2688 ὦ
680 2632 806 2708 κράτιστ’
823 2634 958 2712 ἄνθρωπε
976 2639 1024 2692 καὶ
1041 2639 1191 2706 σοφώτατε·

545 2721 596 2775 τοῦ
614 2717 669 2794 γὰρ
688 2722 837 2795 μασᾶσθαι
857 2730 985 2797 κρεῖττον
1004 2719 1054 2778 ccix
1073 2719 1128 2778 ἔστ’
1147 2718 1211 2778 εὗδε
1230 2721 1261 2776 ἓν

544 2803 664 2878 α’γαθὸν·
682 2807 831 2881 πρόσεστιν
851 2803 936 2885 ἡδονῇ
953 2806 1009 2885 γὰρ
1027 2807 1166 2881 τάγαθόν.

336 2897 416 2974 Quid
440 2917 516 2981 opus
538 2906 586 2961 cst
607 2896 733 2962 verbis?
766 2898 903 2962 Eandem
918 2900 1091 2965 doctrinam
1109 2899 1163 2964 sed
1180 2899 1212 2962 in
1229 2899 1360 2964 iocosam
1383 2909 1505 2986 partem

336 3004 465 3061 tractam
490 2996 642 3060 videmus.

417 3097 482 3162 Iam
507 3117 579 3162 veru
600 3103 747 3180 sequatur
770 3097 944 3162 Damcxcni
964 3100 1054 3180 frgm.
1077 3100 1096 3162 2
1126 3097 1225 3179 (chk
1248 3097 1296 3162 111
1325 3119 1393 3183 pag.
1417 3099 1505 3181 349),

335 3195 424 3259 cuins
439 3217 585 3260 versuum
597 3195 737 3261 ordinem
751 3196 783 3259 in
796 3196 900 3261 codice
912 3198 1075 3278 Athenaei,
1091 3198 1172 3283 apud
1186 3219 1280 3283 quem
1292 3199 1506 3281 fragmentum

335 3295 484 3360 traditum
509 3305 565 3378 est,
600 3295 714 3361 misere
734 3298 950 3381 perturbatum
974 3299 1080 3364 statim
1105 3299 1283 3364 restitutum
1306 3299 1507 3381 exscrib0:²)

894 3393 1057 3469 Ἐπικούρου
1076 3395 1106 3452 δέ
1124 3416 1162 3469 με
1218 3435 1220 3440 -

544 3474 612 3555 ὁρᾷς
628 3477 763 3554 μαθητὴν
784 3480 850 3537 ὄντα
872 3484 922 3539 τοῦ
938 3483 1036 3553 σοφοῦ,
1054 3469 1161 3556 παρ”ᾦ

544 3563 577 3621 ἐν
594 3564 628 3620 dii
647 3567 739 3622 ἔτεσιν
756 3571 804 3623 καὶ
820 3573 906 3643 μησὶν
924 3566 974 3644 οὐχ
995 3565 1069 3630 ὅλοις
1086 3568 1154 3624 δέκα

544 3650 659 3709 τάλαντ’
675 3652 730 3726 e'yn'
749 3676 792 3710 σοι
812 3657 1010 3713 κατεπύκνωσα
1028 3655 1156 3728 τέτταρα.

410 3740 427 3792 5
504 3741 530 3793 Β
548 3739 629 3795 τοῦτο
648 3741 679 3795 δὲ
698 3744 724 3796 τί
743 3740 837 3812 ἔστω
855 3744 916 3800 εἰπέ
935 3765 994 3818 μοι.
1029 3750 1052 3798 Α
1071 3747 1222 3816 καθήγισα.

545 3823 709 3901 Ἐπίκουρος
728 3823 799 3883 οὕτω
817 3833 994 3887 κατεπύκνου
1015 3827 1065 3904 τὴν
1085 3826 1194 3903 ἡδονήν,

546 3909 664 3986 ἐμασᾶτ’
683 3911 829 3986 ἐπιμελῶς,
849 3915 907 3973 alde
925 3913 1055 3990 τάγαθὸν
1071 3917 1159 3991 μόνος

542 3996 652 4062 ἐκεῖνος
670 3993 728 4054 οἶόν
746 3999 830 4056 ἐστιν
863 4006 891 4058 οἱ
908 4005 937 4058 δ’
956 4003 988 4060 ἐν
1006 4004 1041 4082 τῇ
1059 4004 1127 4077 στοᾷ

405 4168 632 4241 mmmm

402 4255 431 4325 2)
450 4255 488 4309 Of.
508 4257 583 4310 Kock
602 4273 663 4326 pag.
680 4255 740 4311 353.
