3140 5068
816 440 1022 506 ..64-

417 619 505 684 Hanc
522 618 572 683 'de
598 617 739 684 amicitia
767 628 887 706 partem
919 620 1065 705 qnoniam
1093 621 1132 686 ad
1163 623 1256 687 finem
1286 623 1507 709 perduximus,

333 719 441 806 paucis
463 742 534 785 cum
556 719 597 784 iis
619 718 697 784 mihi
721 718 960 803 colloquendum
982 728 1044 801 est,
1078 720 1132 805 qui
1155 723 1306 788 nonnulla
1330 724 1453 789 horum
1475 723 1506 786 de

331 819 473 885 amicitia
497 827 747 905 praeceptorum,
772 840 849 904 quae
871 819 909 884 ad
931 819 1155 905 Peripateticos
1177 823 1306 900 rettuli,
1332 824 1409 890 iam
1432 824 1506 909 apud

330 918 513 1006 Euripidem
536 918 625 983 nobis
647 941 805 983 occurrere
827 919 905 984 mihi
930 919 1080 984 obiciunt.
1124 922 1159 986 id
1175 923 1280 1006 negari
1296 925 1398 990 nulio
1423 924 1505 989 modo

331 1025 441 1106 potest.
485 1017 566 1084 Nam
577 1018 744 1104 Euripides
767 1040 888 1104 quoque
906 1020 1079 1086 amicitiam
1097 1021 1362 1088 laudatutOrest.
1390 1048 1424 1090 v.
1436 1027 1506 1090 805:

504 1109 542 1177 οἷς
560 1111 631 1191 ἀνὴρ
650 1113 726 1178 ὅστις
745 1111 872 1192 τρόποισι
892 1117 1025 1194 συντακῇ,
1043 1125 1163 1193 θυραῖος
1180 1116 1219 1174 cir

501 1203 610 1288 μορίων
627 1204 761 1276 κρείσσων
779 1196 909 1276 ὅμαίμιον
930 1199 1010 1276 ἀνδρί
1029 1205 1184 1279 κεκτῆσθαι
1203 1209 1290 1276 φίλος.

329 1289 369 1356 Et
391 1289 534 1355 eiusdem
556 1291 679 1356 fabulae
701 1313 730 1356 v.
756 1293 852 1357 1155:

504 1391 554 1445 οὐκ
573 1388 649 1444 ἔστιν
668 1383 750 1443 oddar
767 1397 895 1464 κρεῖσσον
913 1386 930 1462 ἢ
948 1392 1028 1460 φίλος
1046 1393 1141 1464 σαφής,

505 1471 538 1532 ου’
555 1475 674 1536 πλοῦτος
693 1471 727 1529 ov’
748 1479 887 1549 τυραννίς.

330 1565 371 1632 Et
393 1586 482 1632 veros
513 1565 629 1632 amicos
651 1587 669 1630 a
692 1564 779 1630 falsis
799 1565 949 1631 discernit
979 1566 1113 1651 illosque
1136 1588 1196 1632 non
1219 1567 1263 1631 ita
1293 1587 1362 1630 esse
1390 1567 1503 1633 multos

329 1665 499 1747 existimat,
523 1674 559 1730 ut
580 1665 688 1751 Suppl.
713 1686 741 1729 v.
766 1667 845 1731 867:

507 1764 587 1832 φίλος
607 1781 621 1817 τ
639 1757 757 1834 ’ἀληθὴς
776 1749 810 1834 ἢν
828 1765 920 1832 φίλοις
940 1763 1058 1837 παροῦσί
1080 1782 1111 1818 τε

511 1845 614 1922 καὶμὴ
633 1847 780 1921 παροῦσιν,
798 1835 837 1903 οἷν
856 1846 980 1924 decepta
999 1846 1032 1904 ori
1051 1847 1144 1910 πολύς.

331 1941 415 2018 Quae
437 1957 627 2023 quamquam
658 1938 703 2002 ita
733 1945 824 2019 sunt,
855 1946 960 2003 tamen
983 1961 1034 2005 eos
1057 1940 1154 2018 locos,
1185 1961 1262 2023 quos
1288 1941 1374 2024 apud
1397 1953 1501 2026 poetas

332 2039 465 2106 comicos
482 2038 663 2104 invenimus
676 2039 793 2123 quique
809 2039 932 2103 easdem
956 2040 1119 2104 continent
1142 2039 1321 2120 sententiae,
1347 2042 1387 2106 ad
1413 2042 1501 2105 Euri-

333 2139 439 2228 pidem
462 2137 656 2226 philosophis
678 2137 829 2221 neglectis
851 2147 886 2202 ut
907 2141 1077 2204 referamus
1098 2162 1159 2205 non
1182 2141 1330 2223 cogimur.
1387 2143 1500 2218 Quam-

332 2239 380 2306 vis
410 2237 495 2304 enim
525 2238 635 2304 comici
657 2238 839 2324 Euripidem
868 2239 1044 2304 amaverint
1073 2248 1104 2304 et
1130 2241 1265 2304 libenter
1286 2240 1408 2304 imitati
1430 2241 1499 2318 sint,

330 2347 435 2406 tamen
459 2339 535 2404 satis
556 2339 657 2404 multa
678 2339 716 2404 de
737 2338 878 2404 amicitia
894 2347 1058 2425 praecepta
1080 2348 1212 2420 exstant,
1233 2361 1311 2425 quae
1324 2342 1412 2425 apud
1431 2363 1500 2404 enm

331 2459 485 2526 nusquam
502 2447 667 2505 occurrunt
690 2459 829 2524 quaeque
851 2440 928 2524 quin
945 2461 981 2503 ex
1008 2439 1219 2526 philosophico
1236 2442 1320 2504 fonte
1340 2441 1499 2520 fluxerint,

331 2561 370 2606 ne
404 2539 537 2606 minima
568 2539 696 2623 quidem
729 2539 878 2604 exsistere
911 2547 1012 2624 potest
1043 2539 1204 2605 dubitatio.
1260 2540 1326 2617 Qua
1348 2539 1387 2604 de
1408 2563 1500 2604 cansa

332 2641 428 2707 etiam
449 2660 502 2719 aa,
533 2660 611 2724 qnae
641 2661 679 2704 ex
699 2639 860 2725 Euripidis
892 2639 1007 2704 fabulis
1029 2646 1170 2724 poterant
1192 2640 1354 2704 desumere
1377 2640 1499 2720 comici,

332 2738 527 2828 philosophis
543 2738 760 2804 attribuemus.
811 2739 966 2824 Equidem
989 2761 1056 2804 rem
1077 2740 1122 2804 sic
1144 2760 1177 2804 se
1199 2739 1313 2804 habere
1335 2739 1499 2805 existimo:

331 2841 398 2906 lam
427 2839 599 2927 sophistae,
633 2838 688 2923 qui
716 2839 870 2904 eiusmodi
898 2840 1094 2924 quaestiones
1116 2847 1247 2904 tractare
1270 2840 1431 2919 solebant,
1465 2841 1499 2905 de

332 2938 472 3006 amicitia
494 2938 730 3025 disputaverant
759 2939 889 3023 eiusque
911 2940 993 3005 haud
1016 2962 1129 3026 paucas
1158 2941 1241 3023 leges
1265 2941 1498 3005 constituerant.

333 3041 415 3119 Quas
438 3037 556 3127 recepit
574 3039 749 3125 Euripides,
772 3040 827 3124 qui
848 3047 1038 3125 quantopere
1060 3063 1098 3106 ex
1119 3040 1185 3104 illis
1205 3040 1396 3127 philosophis
1421 3063 1500 3126 pen·

334 3139 406 3204 dere
429 3139 539 3205 solitus
558 3138 610 3219 sit,
632 3139 708 3204 satis
729 3147 837 3203 notum
861 3147 916 3204 est.
960 3141 1009 3204 Ab
1031 3142 1130 3205 isdem
1153 3147 1259 3205 autem
1282 3139 1430 3226 sophistis
1455 3141 1499 3204 in-

333 3238 453 3306 vitatus
493 3239 621 3304 eandem
654 3238 812 3304 amicitiae
853 3239 1018 3305 materiam
1049 3241 1242 3305 tractandam
1275 3240 1337 3306 sibi
1364 3241 1498 3326 sumpsit

333 3339 538 3418 Aristoteles,
554 3336 578 3419 ¹)
608 3338 828 3425 amplificavit,
862 3339 1027 3404 artificiose
1063 3340 1183 3424 redegit
1211 3339 1428 3422 revocavitque
1462 3341 1499 3402 ad

334 3445 451 3505 certam
475 3437 626 3504 rationem
651 3438 836 3504 litterarum.
879 3440 955 3505 Eius
978 3461 1051 3505 vero
1074 3439 1247 3504 doctrinam
1269 3439 1499 3524 Theophrastus

332 3539 407 3604 adeo
439 3539 640 3625 propagavit,
675 3546 709 3603 ut
732 3538 815 3604 inter
842 3539 985 3604 homines
1016 3538 1168 3605 litteratos
1190 3561 1282 3604 nemo
1311 3545 1388 3604 esset
1420 3540 1500 3622 quin

335 3659 404 3704 eam
427 3649 631 3725 pernosceret.

408 3821 432 3890 1)
452 3821 490 3877 Gi.
509 3823 660 3878 Eerdinand
679 3824 837 3889 Duemmier‚
856 3824 1045 3891 Proiegomena
1064 3841 1098 3875 ιιι
1116 3822 1225 3876 Platona
1244 3821 1320 3876 Staat
1338 3836 1393 3890 pag.
1410 3818 1457 3872 60.
