3140 5068
544 393 751 456 „41-

259 549 304 637 ἆρ’
321 563 379 620 ἐστὶ
397 567 533 638 συγγενές
551 587 578 621 τι
596 566 669 640 λέπη
688 571 736 624 καὶ
753 573 823 634 βίας·

259 653 386 726 τρυφερῷ
403 657 452 727 βίῳ
470 652 607 716 σύνεστιν,
627 652 727 729 ἐνδόξῳ
744 659 793 730 βίῳ

179 740 212 792 10
263 736 404 810 πάρεστιν,
424 736 519 814 οἷπόρῳ
537 745 795 815 συγκαταγηράσκει
812 747 869 818 βίῳ.

48 843 231 909 Menandro
253 852 358 909 autem
380 845 550 910 assentitur
571 846 735 913 Philemon
754 851 844 931 lrgm.
858 851 899 916 96
920 852 1021 935 (chk
1044 852 1072 918 Il
1095 877 1123 940 p.
1137 853 1229 937 508):

254 938 287 1014 νὴ
307 939 356 997 τὸν
374 943 427 996 Δία
448 938 496 997 τὸν
513 944 650 1015 μέγιστον
667 943 758 1018 ηλμην,
778 947 880 1016 Σωσία,

254 1024 304 1099 c'yd
326 1026 465 1103 πρότερον
483 1028 538 1103 μὲν
558 1026 623 1091 τοὺς
640 1032 763 1104 πένητας
780 1034 827 1106 ζῆν
844 1033 949 1107 μόνους

251 1111 453 1188 σ’δυνωμένους,
472 1115 525 1170 τῶν
543 1119 680 1172 πλουσίων
698 1119 727 1173 δέ
746 1117 795 1175 τὸν
810 1123 871 1191 βίον

253 1203 348 1276 ἱλαρόν
367 1198 422 1257 τιν’
442 1199 516 1257 εἶναι
535 1206 582 1257 καί
601 1205 700 1276 φέρειν
719 1204 870 1280 εὐθυμίαν·

166 1291 181 1343 5
253 1289 315 1343 νυνί
332 1287 362 1342 δέ
379 1287 549 1361 διαφέροντα
569 1298 626 1352 τοϊς
644 1289 712 1346 καθ’
732 1289 839 1367 ἡμέραν

252 1373 452 1448 δαπανήμασιν
470 1372 503 1447 δὴ
523 1372 571 1431 τὸν
588 1381 649 1448 βίον
667 1375 722 1453 ὁρῶ
739 1379 837 1453 μόνον,

253 1461 341 1522 λέπας
358 1458 389 1515 d’
407 1461 523 1535 ἔχοντας
538 1466 669 1536 μείζονας
687 1462 751 1527 τοὺς
767 1469 906 1539 μείζονας.

53 1569 184 1634 Deinde
226 1568 340 1633 laetam
380 1577 595 1655 paupertatem
628 1571 786 1636 laudatam
824 1573 968 1640 videmus
1009 1597 1028 1640 e
1060 1575 1229 1639 Menandro

53 1674 152 1754 lrgm.
177 1669 239 1734 588
260 1668 359 1750 (chk
384 1670 431 1733 Ill
453 1691 523 1755 pag.
548 1667 638 1751 178):

255 1772 383 1839 κρεῖττον
401 1764 456 1838 γαρ
476 1765 561 1837 ἐστιν,
581 1763 616 1821 ἂν
634 1767 723 1844 σκοπῇ
738 1788 782 1829 τις
800 1767 870 1824 κατὰ
891 1769 983 1842 λόγον,

253 1848 292 1925 μὴ
311 1848 388 1906 πόλλ’
406 1851 504 1926 dipticis,
524 1850 604 1926 ὅλίγα
622 1853 653 1907 d’
671 1850 755 1928 ἡδέως
773 1856 858 1930 ἔχειν,

255 1942 358 1995 πενίαν
376 1938 400 1994 τ’
419 1938 526 1995 ἄλυπον
543 1941 650 2014 μᾶλλον
669 1938 685 2014 ἡ
703 1943 824 1997 πλοῦτον
842 1944 952 2018 πικρόν.

54 2037 86 2094 ct
105 2051 127 2092 a
150 2027 333 2093 Philemone
356 2031 446 2110 frgm.
469 2033 509 2094 92
533 2029 632 2111 (Kock
656 2031 686 2095 ΙΙ
708 2053 777 2117 pag.
797 2030 891 2113 506):

253 2121 297 2179 a'el
317 2121 347 2179 τὸ
365 2127 497 2181 πλουτεῖν
515 2120 659 2199 συμφορὰς
676 2125 778 2190 πολλὰς
797 2128 856 2200 ἔχει

254 2210 365 2279 φθόνον
381 2209 405 2265 τ’
423 2210 561 2287 ἐπήρειάν
579 2233 610 2268 τε
629 2216 676 2268 καὶ
693 2221 774 2287 μῖσος
792 2214 862 2270 πολύ

252 2295 404 2371 πράγματα’
424 2317 454 2353 τε
472 2295 559 2352 πολλὰ
579 2295 759 2373 κᾶνυχλήσεις
776 2305 879 2375 μυρίας

254 2383 370 2458 προέξεις
386 2403 418 2439 τι
436 2382 538 2446 πολλὰς
556 2387 692 2458 συλλογάς
710 2407 740 2442 τε
761 2389 810 2444 τοῦ
827 2392 896 2459 βίου.

255 2469 353 2526 ἔπειτα
369 2467 443 2545 μετὰ
463 2469 541 2526 ταῦτ’
559 2469 648 2534 εὐθὺς
666 2468 771 2548 εὑρέθη
791 2473 895 2541 θανών,

255 2555 347 2618 ἄλλοις
365 2559 539 2626 καταλείψας
558 2558 598 2619 εἰς
619 2555 727 2632 τρυφὴν
746 2557 797 2634 τὴν
815 2558 920 2616 οὐσίαν.

254 2640 325 2698 ὅθεν
341 2644 480 2699 πένεσθαι
498 2645 603 2718 μᾶλλον
622 2640 706 2717 ἡδέως
723 2646 775 2718 ἔχω

254 2731 330 2804 ἔχειν
348 2750 379 2786 τε
396 2730 500 2805 μέτρια
519 2726 695 2805 κιῖμέριμνον
714 2733 762 2804 ζῆν
779 2735 840 2802 βίον

255 2819 301 2871 καὶ
318 2814 384 2889 μήτ’
405 2817 480 2891 ἔχειν
498 2815 613 2872 κλσῦτὺν
630 2837 668 2891 με
686 2814 759 2891 μήτε
776 2816 939 2893 πράγματα·

150 2908 183 2960 10
254 2905 308 2965 πᾶς
327 2900 381 2975 γὰρ
399 2904 486 2976 πένης
504 2899 543 2958 ὢν
560 2902 672 2976 μεγάλα
691 2905 838 2979 κερδαίναι
857 2908 936 2961 κακά.

145 3011 236 3074 Nunc
256 3010 294 3073 od
307 3009 469 3074 Plautinas
492 3009 611 3074 fabulas
633 3018 668 3074 ut
690 3019 895 3091 transeamus,
915 3011 1011 3077 etiem
1033 3012 1066 3076 in
1089 3012 1129 3076 iis
1150 3032 1231 3075 unus

62 3111 179 3175 saltem
211 3109 296 3174 locos
326 3117 443 3188 exstat,
472 3109 505 3172 in
537 3130 598 3193 quo
628 3109 722 3174 huius
744 3110 891 3195 Epicurei
913 3111 1023 3196 placiti
1045 3111 1163 3177 mentio
1186 3112 1230 3175 fit.

59 3210 183 3296 Captiv.
208 3210 292 3273 onim
316 3231 345 3273 v.
369 3211 430 3275 324
448 3209 546 3290 Hegio
567 3209 696 3274 divitias
718 3211 860 3275 damnat:

166 3310 226 3362 Non
245 3325 293 3377 ego
313 3309 420 3362 omnino
439 3309 540 3361 lucrum
561 3325 638 3362 omne
658 3325 715 3362 osse
736 3310 802 3363 utile
821 3311 921 3363 homini
941 3310 1078 3363 existimo:

166 3397 227 3450 Scio
246 3411 303 3463 ego,
323 3395 420 3448 multos
438 3396 489 3447 iem
510 3394 611 3448 lucrum
631 3395 777 3449 lutulentos
796 3396 915 3449 homines
935 3396 1058 3448 reddidit.

165 3483 214 3536 Est
233 3483 311 3534 etiam
331 3482 377 3534 ubi
397 3482 514 3550 prolecto
534 3482 658 3535 damnum
678 3487 796 3551 praestet
813 3482 899 3535 lacere
918 3499 995 3551 quom
1015 3482 1125 3536 lucrum.

167 3569 217 3622 Odi
235 3583 284 3638 ego
304 3583 413 3621 nurum:
439 3567 522 3621 multo
540 3569 630 3628 multis
650 3584 730 3638 saepe
749 3571 834 3622 suasit
850 3585 997 3638 perperam.

64 3678 162 3752 Quam
186 3672 326 3758 simplici
348 3679 453 3736 eutem
473 3672 560 3737 victu
582 3673 649 3757 ipsc
673 3694 748 3738 usus
768 3673 809 3737 sit
830 3672 993 3759 Epicurus,
1019 3672 1141 3757 liquido
1159 3672 1232 3736 inde

66 3782 202 3859 apparet,
227 3772 309 3857 quod
332 3793 412 3855 oque
434 3779 466 3836 et
487 3771 612 3856 polenta
637 3773 713 3836 benc
739 3773 806 3837 vivi
828 3793 916 3858 posse
936 3772 1148 3837 existimabat.

148 3893 193 3955 Of.
216 3912 263 3975 ep.
287 3890 334 3954 Ill
359 3891 433 3954 131:
458 3889 512 3950 καὶ
533 3888 621 3968 μα’ζα
641 3889 695 3951 καὶ
718 3885 807 3969 ὕδωρ
827 3888 888 3974 τήν
909 3889 1092 3972 α’κρυτάτητ·
1114 3888 1232 3952 α’πυδί-

64 3991 163 4053 δωσιν
184 3986 326 4073 ἡδονήν,
355 3988 494 4052 ἐπειδάν
515 3987 636 4050 ἐνδέων
656 4011 702 4062 τις
722 3987 809 4053 αὐτοὶ
833 3997 1097 4073 προσενέγκηται.

145 4092 362 4174 recognocit
376 4088 539 4175 (Porphyr.
556 4089 594 4154 do
611 4086 837 4170 abstin.148):
854 4090 920 4151 τῶν
934 4089 996 4170 γάρ
1007 4088 1233 4168 Ἐπικουρείων

51 4189 95 4276 Ιοἱ
117 4189 247 4264 πλείους
270 4189 330 4254 ἀπ’
352 4189 536 4255 αὐτοῦτοῦ
563 4192 743 4271 κορυφαίου
770 4186 949 4268 α’ρξάμενυι
978 4187 1064 4272 μα’ζῃ
1086 4187 1140 4250 καὶ
1161 4190 1229 4261 τοῖς
