3140 5068
569 457 779 520 ..27-

77 632 280 717 quillitatem
313 631 374 717 ipsi
403 637 471 697 tum
503 634 689 716 α’ταραξίαν
719 635 885 716 vocabant,
917 645 986 701 tum
1008 635 1158 719 ἡσυχίαν,
1189 645 1257 702 tum

76 731 238 816 raseo-
249 729 275 812 1)

173 833 219 897 Cf.
253 834 343 915 irgm.
372 833 434 898 520
462 831 560 916 (Plut.
592 835 630 900 de
659 836 733 901 virt.
763 844 794 901 et
822 835 921 902 viae
951 857 1019 922 pag.
1047 833 1161 917 101b):
1195 837 1262 898 ποῦ

77 935 198 994 τοίνυν
219 931 257 994 ud
279 929 341 1017 ἡδδ
362 933 418 1016 τῆς
438 937 551 1006 κακίας
571 934 680 1014 ἐστίν,
714 933 744 998 εί
763 935 920 1017 μηδαμοῦ
941 935 979 998 td
1001 935 1182 1016 α’μέριμυυν
1202 934 1255 997 καὶ

77 1031 123 1094 τδ
147 1027 279 1094 άλυπου
300 1031 376 1114 μηδ’
406 1029 584 1111 αὐτάρκεια
613 1035 689 1118 μηδ’
719 1035 883 1115 α’ταραξία
915 1033 992 1118 μηδ’
1019 1033 1157 1117 ἡσυχίας
1189 1038 1261 1109 ταῖς

78 1137 148 1212 μὲν
179 1131 240 1212 γάρ
271 1135 327 1213 τὴς
357 1131 475 1211 σαρκὸς
506 1133 639 1216 ἡδοναῖς
671 1134 692 1220 ἡ
725 1135 784 1197 τοῦ
818 1130 970 1213 σώματος
1008 1133 1167 1216 εὐκρασία
1206 1134 1260 1196 καλ

79 1234 190 1313 ὑγίεια
211 1229 321 1315 χώραν
342 1231 468 1300 δίδωσι·
511 1237 551 1318 τῇ
570 1235 608 1298 δὲ
632 1237 722 1323 ψυχῇ
742 1234 799 1298 οιίκ
829 1235 1133 1316 ἔστιυξδγγενδσθαι
1153 1237 1255 1319 γῆθος

78 1333 165 1398 οὐδὲ
184 1333 290 1413 χαράν
307 1335 459 1414 βέβαιον,
489 1330 533 1397 άν
554 1334 600 1420 μὴ
621 1335 659 1398 τά
689 1329 839 1417 εὔθυμον
859 1334 913 1396 καὶ
934 1330 1064 1416 δι’φοβου
1091 1334 1145 1396 καλ
1165 1339 1248 1416 θαρ·

81 1435 206 1515 paleas·
238 1427 353 1512 ὥσπερ
383 1431 482 1514 ἕδραν
513 1430 536 1519 ἡ
566 1431 709 1518 γαλήνην
737 1431 900 1499 ἄκλυστον
921 1431 1143 1517 ὑποβάληται,
1176 1433 1261 1498 άλλα

81 1531 151 1597 κάν
183 1528 406 1616 ὑπομειδιάσῃ
438 1553 485 1607 τις
516 1534 610 1610 ἐλπίς
641 1530 664 1618 ἡ
695 1541 824 1622 τέρψις,
858 1529 942 1615 αὕτη
970 1533 1054 1612 ταχδ
1088 1532 1261 1616 φροντίδος

83 1637 275 1714 ἐκραγείσης
287 1629 400 1713 ὥσπερ
418 1633 454 1714 ἐγ
473 1633 569 1718 εὐδίᾳ
589 1633 749 1708 σπιλάδος
768 1633 937 1716 συνεχύθη
949 1634 1002 1696 καὶ
1015 1631 1260 1716 συνεταράχθη.

175 1733 279 1798 Etiam
298 1733 377 1798 alibi
398 1734 498 1808 animi
520 1736 736 1820 tranquillitas
760 1757 831 1800 oum
855 1735 951 1800 maris
974 1735 1179 1820 componitur.

177 1835 222 1898 cf.
252 1835 343 1916 frgm.
374 1835 436 1897 426
466 1833 544 1914 (Cio.
575 1835 666 1900 Tusa.
693 1835 772 1920 disp.
796 1835 835 1900 V.
861 1833 930 1914 16):
969 1833 1008 1898 Ut
1035 1835 1136 1898 maria
1164 1835 1262 1919 ipitar

83 1934 310 2014 tranquillitos
338 1932 530 2014 intellept'tar
552 1934 643 2000 oolla
671 1934 866 2001 nominituo
898 1933 1025 2014 quidem
1046 1955 1131 1998 σανα
1149 1933 1262 2016 fluetus

84 2038 310 2111 commovente,
331 2033 378 2097 sie
400 2034 502 2103 animi
523 2036 646 2116 quietas
669 2041 697 2100 et
719 2034 865 2120 placatae
886 2041 986 2102 eatae
1007 2035 1167 2112 cernitar,
1191 2055 1260 2098 erem

81 2133 282 2220 perturbatio
303 2133 399 2198 aella
421 2139 479 2210 eat,
508 2155 571 2219 qua
592 2135 710 2200 moveri
731 2142 833 2216 queat.

174 2235 271 2310 Quam
284 2233 470 2318 Epicuream
487 2231 630 2317 γαλήνην
646 2234 750 2300 Philto
767 2254 888 2318 quoque
910 2232 972 2298 sibi
993 2253 1115 2296 servare
1138 2231 1260 2308 studet3

86 2334 197 2417 itaque
214 2333 351 2398 hiemem
374 2341 667 2418 tempestatemque,
692 2355 771 2418 quae
793 2333 889 2398 maris
907 2329 1168 2416 tranquillitatem
1192 2351 1260 2415 per·

85 2433 236 2512 turbant,
272 2442 418 2498 removet.
463 2433 568 2510 Quid?
602 2435 683 2519 qnod
713 2434 808 2500 etiam
837 2433 981 2515 ‚,hiems“
1010 2439 1041 2495 et
1071 2438 1260 2515 „tempestas

84 2531 212 2598 animi“
235 2531 334 2617 ipsius
353 2532 481 2618 Epicuri
503 2533 618 2600 locutio
640 2541 696 2598 est.

172 2634 217 2696 cf.
240 2654 287 2718 ep.
311 2633 358 2696 Ill
382 2635 456 2698 128:
490 2628 572 2696 ὅταν
593 2633 633 2694 δὲ
662 2628 759 2708 ἅπαξ
789 2634 886 2694 τοῦτο
908 2630 984 2710 περὶ
1008 2629 1094 2712 ἡμᾶς
1121 2637 1260 2713 γίνηται,

84 2732 203 2796 λύεται
223 2735 290 2806 πᾶς
307 2730 326 2794 o‘
345 2735 401 2816 τῆς
422 2735 530 2821 ψυχῆς
550 2730 671 2813 χειμών
786 2721 792 2737 ⁸

172 2833 211 2896 Et
231 2833 307 2896 haee
327 2832 455 2916 quidem
478 2833 516 2897 de
539 2832 771 2918 tranquillitate
792 2831 891 2896 animi
914 2851 969 2915 per
989 2849 1153 2896 excursum
1177 2827 1261 2891 dieta

90 2934 176 3012 sint3
199 2931 329 2996 iamiam
351 2931 655 3017 „eompensationis“
678 2932 812 3017 vestigia
832 2931 1020 3014 investigare
1036 2949 1200 3014 pergamus
1222 2935 1261 3006 et,

88 3055 169 3098 num
199 3031 335 3097 Leonida
363 3040 394 3095 et
423 3032 560 3096 Libanus
590 3033 692 3113 servi,
724 3031 778 3117 qui
809 3031 843 3095 in
866 3029 1014 3096 Asinaria
1043 3029 1149 3094 fabula
1180 3036 1261 3104 sunt,

90 3132 221 3218 Epicuri
244 3130 445 3196 existimandi
468 3132 532 3196 sint
554 3131 713 3216 discipuli,
738 3149 933 3216 quaeramus,
970 3132 1108 3207 Quorum
1126 3127 1262 3206 domino,

90 3255 132 3298 ne
154 3231 289 3295 amicam
319 3231 460 3312 amittet,
493 3253 571 3317 opus
593 3241 639 3296 est
670 3232 803 3318 pecunia
827 3251 957 3314 eamque
986 3229 1084 3307 servi,
1119 3227 1264 3312 quamvis

89 3331 221 3396 difficile
243 3331 299 3409 sit,
334 3352 406 3396 oum
427 3331 591 3396 dominum
613 3341 740 3417 sperent
772 3331 834 3398 sibi
856 3331 971 3414 gratias
993 3329 1175 3398 habiturum
1198 3348 1265 3392 esse

90 3441 244 3510 aeternae,
266 3452 374 3516 parare
396 3431 532 3494 student.

177 3531 222 3595 Cf.
244 3552 274 3594 v.
296 3530 356 3596 307
378 3551 443 3614 sq.:

268 3629 527 3682 Verbivelitationem
546 3629 604 3682 fieri
624 3630 765 3699 compendi
783 3629 857 3684 volo:

268 3715 336 3779 Quid
356 3717 428 3770 istud
446 3716 583 3786 negotist?

92 3805 218 3891 quaerit
239 3826 277 3869 ex
301 3826 449 3870 conservo
471 3804 619 3886 Libanm,
643 3803 707 3888 qui,
737 3801 811 3887 quid
836 3801 891 3866 ille
912 3801 1000 3881 velit,
1035 3801 1136 3877 adhue
1158 3800 1265 3866 nescit.

127 3903 183 3958 Ire:
221 3903 354 3957 Certumst
373 3904 499 3962 eredere?
529 3899 822 3956 ui:Auoaeter1ieet.
1092 3902 1093 3908 ’

125 3989 182 4044 Ire:
219 3991 261 4045 Sis
280 3991 380 4044 amanti
399 3991 539 4044 subvenire
558 3990 680 4043 familiari
700 3989 764 4055 filio,

217 4079 332 4131 Tantum
352 4077 427 4130 adest
445 4077 509 4130 boni
528 4077 673 4146 inproviso,
691 4093 781 4129 verum
802 4077 971 4130 commixtum
991 4077 1074 4142 malo:

91 4200 290 4212 “—

166 4281 193 4348 1)
213 4280 252 4334 cf.
272 4279 411 4351 γαληυιᾶν
429 4280 505 4350 frgm.
523 4278 575 4332 425
594 4282 621 4332 et
639 4276 800 4347 γαληνίζειν
818 4278 894 4348 irgm.
912 4277 971 4332 429.
