3140 5068
549 455 754 520 ..75-

70 636 240 721 mundique
263 634 365 700 civem
387 654 420 699 se
443 641 568 719 putasse
592 635 726 714 videtur,
747 634 837 700 cuins
860 635 1016 700 libertatis
1031 636 1130 700 studii
1150 637 1239 702 testi·

69 735 169 801 monia
194 735 285 800 lacile
303 735 514 801 cumulantur.
526 735 552 816 ¹)

147 836 253 915 Quid?
298 835 356 902 hac
386 837 419 901 in
458 858 489 902 re
520 855 622 901 nonne
652 854 760 898 rursus
790 855 861 899 cnm
892 835 1054 920 Aristippo
1083 836 1238 900 consentit

68 937 362 1021 Periplecornenns?
413 935 564 1001 Libertati
593 956 697 1002 nonne
726 934 914 1000 tantundem
943 935 1056 1000 tribuit
1078 936 1238 1003 'momenti

69 1047 219 1122 qnantum
242 1037 320 1102 ille?
923 1110 926 1118 ,

204 1138 316 1191 Liberae
335 1141 399 1190 suut
417 1136 500 1199 aedis,
519 1136 630 1189 liberum
651 1141 737 1189 antem
758 1153 807 1206 ego
827 1153 867 1190 me
887 1136 945 1190 rolo
966 1139 1062 1191 virere.

70 1227 221 1291 exclamat
237 1213 272 1290 v.
286 1227 356 1304 677,
381 1245 475 1310 quarn
499 1223 678 1288 libertatem
700 1225 773 1309 quie
795 1225 939 1290 omittere
956 1248 1016 1290 non
1039 1226 1117 1305 vult,
1140 1225 1236 1290 etiam

70 1326 304 1392 matrimonium
337 1325 418 1389 inire
447 1333 477 1389 et
510 1324 625 1392 liberos
655 1346 815 1410 procreare
844 1326 982 1411 spernit;
1012 1327 1119 1411 pergit
1151 1327 1236 1392 euim

69 1426 200 1491 ibidem:
1012 1461 1015 1506 3

205 1526 271 1580 Nam
292 1526 355 1579 mibi
374 1526 451 1578 deum
470 1527 567 1579 virtute
585 1524 671 1579 dicam
691 1531 799 1594 propter
817 1525 924 1580 divitias
944 1543 1015 1582 meas

205 1613 293 1666 Licuit
311 1628 420 1666 uxorem
439 1612 556 1665 dotatam
577 1629 673 1680 genere
692 1629 794 1668 summo
813 1615 918 1676 ducere,

205 1699 263 1770 Sed,
277 1700 338 1753 nolo
357 1701 421 1753 mitri
441 1701 635 1754 oblatratricem
655 1701 683 1753 in
705 1699 778 1754 aedis
797 1701 981 1756 intromittere.

71 1791 159 1875 eique
182 1788 398 1854 assentiuntur
419 1788 513 1852 amici
535 1810 566 1852 v.
590 1789 666 1852 683:

277 1888 369 1941 Hercle
388 1904 448 1940 vcro
469 1886 580 1940 liberum
602 1903 661 1940 esse
679 1891 741 1951 tete,
761 1887 787 1939 id
808 1887 891 1940 multo
910 1887 1046 1956 lepidiust.

70 1987 98 2042 et
111 2002 139 2043 v.
152 1981 230 2044 701:
276 1984 308 2036 Di
329 1984 378 2036 tibi
399 1983 506 2052 propitii
527 1987 598 2046 snnt,
617 2000 677 2035 uam
697 1983 784 2036 hercle
803 1983 825 2035 si
844 1983 922 2035 istem
943 1983 1022 2035 semel
1042 1983 1163 2036 amiseris

279 2077 449 2141 Libertatem,
469 2078 540 2131 bared
558 2078 636 2130 lacile
656 2079 683 2130 in
703 2078 815 2130 eundern
836 2093 926 2130 rusum
947 2078 1072 2130 restitues
1091 2075 1186 2129 locum.

72 2166 185 2230 Versus
208 2186 329 2250 qnoque
353 2164 426 2229 inde
447 2166 486 2230 eb
509 2166 569 2229 745
590 2165 745 2250 usquead
766 2167 827 2230 748
850 2163 1023 2249 comparari
1047 2173 1194 2249 possunt:

117 2265 278 2318 Serviendae
296 2265 418 2317 servituti
439 2280 487 2332 ego
506 2280 596 2318 servos
615 2265 731 2318 instruxi
751 2265 823 2327 milri,
1034 2327 1038 2338 x

117 2352 229 2420 Hospes,
248 2367 302 2405 uon
321 2352 365 2420 qui
386 2352 449 2403 mibi
470 2352 631 2421 imperarent
650 2352 780 2420 quibusve
799 2368 847 2420 ego
866 2369 950 2406 essem
970 2352 1110 2405 obnoxius.

118 2439 145 2491 Si
166 2438 220 2491 illis
240 2441 344 2505 aegrest
363 2438 426 2490 mibi
445 2437 471 2490 id
492 2437 562 2506 quod
582 2437 662 2506 volup
682 2445 731 2498 est,
750 2454 808 2491 meo
827 2439 937 2506 remigio
955 2455 1009 2491 rem
1029 2443 1140 2506 gerunt:

119 2526 219 2577 Tamen
238 2525 263 2576 id
284 2523 353 2592 quod
374 2523 462 2576 odiost
480 2524 661 2576 faciundumst
677 2539 735 2577 cnm
758 2523 825 2578 malo
844 2529 924 2594 atque
943 2525 1074 2592 ingratiis.

149 2613 267 2688 Restat,
290 2617 325 2674 ut
342 2609 509 2675 nonnullas
525 2630 573 2673 res
590 2610 720 2694 pusillas
738 2612 876 2691 alteram,
894 2632 971 2696 quas
989 2632 1060 2674 cum
1074 2609 1236 2694 Aristippo

72 2731 248 2780 communes
271 2709 365 2773 hebet
388 2708 671 2794 Periplecomenus.

149 2811 184 2875 ln
198 2809 263 2874 loco
273 2809 507 2893 Xenophonteo,
520 2829 611 2892 quem
628 2829 721 2893 supra
732 2807 967 2892 exscripsimus,
980 2805 1147 2870 Memorab.
1159 2806 1188 2870 ll
1201 2808 1239 2872 10

71 2908 149 2973 inter
160 2907 318 2993 Aristippi
331 2907 519 2992 cupiditates
532 2908 627 2974 etiam
646 2902 1235 2987 1111111ιά11111111111111111111111111

71 3008 220 3086 vidimus,
251 3029 386 3093 quocum
416 3015 488 3092 apte
511 3008 642 3072 conferri
666 3028 755 3093 posse
776 3006 926 3086 arbitror,
957 3007 1039 3091 qnod
1062 3007 1236 3092 Peripleco-

70 3129 176 3172 menus
208 3109 290 3172 iuter
324 3115 425 3172 cetera
458 3107 652 3172 matrimonii
685 3106 882 3171 incommoda
915 3106 1010 3171 etiem
1045 3107 1102 3174 hoc
1129 3108 1236 3170 allent:

69 3229 192 3274 uxorem
217 3209 368 3274 maritum
384 3229 422 3272 ne
439 3228 537 3292 usqne
554 3207 592 3271 ad
611 3206 686 3272 solis
702 3215 804 3271 ortum
822 3205 949 3292 quidem
967 3206 1102 3271 dormire
1122 3206 1234 3272 sinere.

149 3310 194 3375 Oi.
216 3330 245 3373 v.
269 3309 346 3372 690:

171 3409 268 3461 Verum
288 3408 443 3478 priusquam
463 3407 526 3475 galli
547 3412 665 3472 content,
684 3424 752 3476 qnae
770 3423 811 3460 me
829 3423 843 3459 e
861 3423 953 3460 somno
973 3408 1092 3460 suscitet.

70 3495 174 3580 ltaque
197 3493 247 3558 hic
271 3515 393 3578 quoque
413 3515 508 3558 senex
529 3515 637 3560 somno
659 3489 794 3559 libenter
815 3511 848 3558 se
871 3493 982 3557 dedere
1006 3493 1107 3559 solet:

150 3595 269 3660 Deinde
291 3617 310 3658 a
333 3594 468 3659 Lucieno
496 3595 688 3666 Parasit.,33
711 3594 894 3679 Aristippus
917 3594 1060 3678 Dionysii
1089 3593 1236 3679 parasitis

69 3693 249 3759 ascribitur:
272 3692 408 3756 πάντων
430 3696 507 3774 yorir·
527 3693 720 3774 11μέ11111311
743 3697 937 3772 παρασίτων
955 3691 1056 3766 αὐτός
1074 3693 1237 3772 1111111111111

70 3792 145 3873 παρ’
166 3793 266 3874 αὐτῷ,
299 3793 392 3878 idque
415 3816 476 3858 non
505 3795 573 3858 sine
597 3795 681 3871 iure,
712 3793 794 3858 sicut
815 3794 879 3858 iam
903 3793 1040 3859 vidimus
1063 3816 1135 3859 enm
1156 3795 1237 3859 dona

71 3893 280 3980 beneficiaque
302 3893 442 3980 accipere
464 3894 597 3958 minime
621 3893 790 3974 dubitasse,
821 3894 898 3978 quin
921 3893 1033 3973 etiam,
1065 3894 1126 3958 nisi
1146 3897 1236 3958 oller·

70 4001 189 4074 rentur,
219 3992 364 4080 precibus
385 4015 422 4057 ea
443 4001 589 4079 appetere
611 4016 671 4058 non
696 3995 833 4058 veritum
854 4016 931 4058 esse.
1222 3979 1226 3989 ’

149 4093 256 4159 Simili
283 4101 388 4158 antem
419 4093 510 4157 modo
540 4093 635 4158 etiam
668 4113 763 4157 senex
786 4113 818 4156 se
848 4092 1033 4179 primarium
1064 4091 1236 4178 parasitum

70 4195 215 4258 nominat.

138 4329 163 4397 l)
182 4300 312 4382 (lt—Plut.
331 4329 390 4381 virt.
409 4330 468 4383 doc.
486 4345 512 4398 p.
531 4327 547 4382 2
567 4333 592 4382 et
611 4328 730 4382 eiusdem
748 4328 777 4380 in
795 4327 901 4380 Hesiod.
920 4328 945 4382 9.
