<?xml version="1.0" encoding="UTF-8"?>
<!DOCTYPE html PUBLIC "-//W3C//DTD XHTML 1.0 Transitional//EN"
    "http://www.w3.org/TR/xhtml1/DTD/xhtml1-transitional.dtd">
<html xmlns="http://www.w3.org/1999/xhtml" xml:lang="en" lang="en">
 <head>
  <title>
</title>
<meta http-equiv="Content-Type" content="text/html;charset=utf-8" />
  <meta name='ocr-system' content='tesseract 3.04.00' />
  <meta name='ocr-capabilities' content='ocr_page ocr_carea ocr_par ocr_line ocrx_word'/>
</head>
<body>
  <div class='ocr_page' id='page_1' title='image "./periplecomenuss01rankgoog_0059.png"; bbox 0 0 3140 5068; ppageno 0'>
   <div class='ocr_carea' id='block_1_1' title="bbox 823 430 1030 492">
    <p class='ocr_par' dir='ltr' id='par_1_1' title="bbox 823 430 1030 492">
     <span class='ocr_line' id='line_1_1' title="bbox 823 430 1030 492; baseline -0.01 -18"><span class='ocrx_word' id='word_1_1' title='bbox 823 430 1030 492; x_wconf 74' lang='lat'><strong><em>...54-</em></strong></span> 
     </span>
    </p>
   </div>
   <div class='ocr_carea' id='block_1_2' title="bbox 343 601 1495 988">
    <p class='ocr_par' dir='ltr' id='par_1_2' title="bbox 343 601 1495 988">
     <span class='ocr_line' id='line_1_2' title="bbox 343 601 1493 672; baseline -0.004 -1"><span class='ocrx_word' id='word_1_2' title='bbox 343 607 655 672; x_wconf 79' lang='lat' dir='ltr'><strong><em>nibitadaeritatem.</em></strong></span> <span class='ocrx_word' id='word_1_3' title='bbox 687 607 727 672; x_wconf 81' lang='lat'><strong><em>92</em></strong></span> <span class='ocrx_word' id='word_1_4' title='bbox 747 606 826 672; x_wconf 83' lang='lat' dir='ltr'><strong><em>Cum</em></strong></span> <span class='ocrx_word' id='word_1_5' title='bbox 838 615 941 672; x_wconf 84' lang='lat' dir='ltr'><strong><em>autem</em></strong></span> <span class='ocrx_word' id='word_1_6' title='bbox 952 601 1094 672; x_wconf 81' lang='lat' dir='ltr'><strong><em>omnium</em></strong></span> <span class='ocrx_word' id='word_1_7' title='bbox 1105 627 1212 671; x_wconf 85' lang='lat' dir='ltr'><strong><em>reram</em></strong></span> <span class='ocrx_word' id='word_1_8' title='bbox 1223 605 1389 670; x_wconf 82' lang='lat' dir='ltr'><strong><em>simulatio</em></strong></span> <span class='ocrx_word' id='word_1_9' title='bbox 1402 608 1493 669; x_wconf 79' lang='lat' dir='ltr'><strong><em>uitiosa</em></strong></span> 
     </span>
     <span class='ocr_line' id='line_1_3' title="bbox 343 706 1495 794; baseline -0.005 -21"><span class='ocrx_word' id='word_1_10' title='bbox 343 713 388 774; x_wconf 88' lang='lat' dir='ltr'><strong><em>cet</em></strong></span> <span class='ocrx_word' id='word_1_11' title='bbox 411 743 451 754; x_wconf 91' lang='grc'><strong><em>--</em></strong></span> <span class='ocrx_word' id='word_1_12' title='bbox 473 707 553 773; x_wconf 87' lang='lat' dir='ltr'><strong><em>tollit</em></strong></span> <span class='ocrx_word' id='word_1_13' title='bbox 574 709 657 773; x_wconf 83' lang='lat' dir='ltr'><strong><em>enim</em></strong></span> <span class='ocrx_word' id='word_1_14' title='bbox 684 709 840 774; x_wconf 86' lang='lat' dir='ltr'><strong><em>iudicium</em></strong></span> <span class='ocrx_word' id='word_1_15' title='bbox 861 710 931 774; x_wconf 81' lang='lat' dir='ltr'><strong><em>aeri</em></strong></span> <span class='ocrx_word' id='word_1_16' title='bbox 952 709 1045 794; x_wconf 82' lang='lat' dir='ltr'><strong><em>idque</em></strong></span> <span class='ocrx_word' id='word_1_17' title='bbox 1068 708 1230 772; x_wconf 75' lang='lat' dir='ltr'><em>adulterat</em></span> <span class='ocrx_word' id='word_1_18' title='bbox 1251 743 1310 784; x_wconf 88' lang='lat'><strong><em>—,</em></strong></span> <span class='ocrx_word' id='word_1_19' title='bbox 1345 706 1495 770; x_wconf 80' lang='grc'>5551551-</span> 
     </span>
     <span class='ocr_line' id='line_1_4' title="bbox 345 807 1493 893; baseline -0.003 -19"><span class='ocrx_word' id='word_1_20' title='bbox 345 809 437 874; x_wconf 85' lang='lat' dir='ltr'><strong><em>citiae</em></strong></span> <span class='ocrx_word' id='word_1_21' title='bbox 465 815 621 893; x_wconf 75' lang='lat' dir='ltr'><strong><em>repugnat</em></strong></span> <span class='ocrx_word' id='word_1_22' title='bbox 649 809 803 889; x_wconf 58' lang='lat' dir='ltr'><strong><em>maciem</em></strong></span> <span class='ocrx_word' id='word_1_23' title='bbox 826 809 904 874; x_wconf 80' lang='lat' dir='ltr'><strong><em>delet</em></strong></span> <span class='ocrx_word' id='word_1_24' title='bbox 926 810 1008 873; x_wconf 83' lang='lat' dir='ltr'><strong><em>enim</em></strong></span> <span class='ocrx_word' id='word_1_25' title='bbox 1031 809 1202 884; x_wconf 84' lang='lat' dir='ltr'><strong><em>ceritatem,</em></strong></span> <span class='ocrx_word' id='word_1_26' title='bbox 1225 807 1382 892; x_wconf 79' lang='lat' dir='ltr'><strong><em>sineque</em></strong></span> <span class='ocrx_word' id='word_1_27' title='bbox 1405 827 1493 870; x_wconf 81' lang='grc'>551555</span> 
     </span>
     <span class='ocr_line' id='line_1_5' title="bbox 345 906 837 988; baseline -0.004 -14"><span class='ocrx_word' id='word_1_28' title='bbox 345 908 503 974; x_wconf 75' lang='lat' dir='ltr'><strong><em>amicitiae</em></strong></span> <span class='ocrx_word' id='word_1_29' title='bbox 523 906 628 972; x_wconf 78' lang='grc'>551515</span> <span class='ocrx_word' id='word_1_30' title='bbox 648 927 712 972; x_wconf 83' lang='lat' dir='ltr'><strong><em>non</em></strong></span> <span class='ocrx_word' id='word_1_31' title='bbox 731 915 837 988; x_wconf 80' lang='lat' dir='ltr'><strong><em>potest.</em></strong></span> 
     </span>
    </p>
   </div>
   <div class='ocr_carea' id='block_1_3' title="bbox 346 1023 1494 1209">
    <p class='ocr_par' dir='ltr' id='par_1_3' title="bbox 346 1023 1494 1209">
     <span class='ocr_line' id='line_1_6' title="bbox 427 1023 1494 1108; baseline -0.002 -18"><span class='ocrx_word' id='word_1_32' title='bbox 427 1025 478 1090; x_wconf 83' lang='lat' dir='ltr'><strong><em>Ab</em></strong></span> <span class='ocrx_word' id='word_1_33' title='bbox 499 1024 605 1089; x_wconf 89' lang='lat' dir='ltr'><strong><em>eadem</em></strong></span> <span class='ocrx_word' id='word_1_34' title='bbox 629 1025 801 1106; x_wconf 87' lang='lat' dir='ltr'><strong><em>sententia,</em></strong></span> <span class='ocrx_word' id='word_1_35' title='bbox 831 1047 892 1108; x_wconf 90' lang='lat' dir='ltr'><strong><em>qua</em></strong></span> <span class='ocrx_word' id='word_1_36' title='bbox 914 1024 1060 1088; x_wconf 79' lang='lat' dir='ltr'><strong><em>iubemur</em></strong></span> <span class='ocrx_word' id='word_1_37' title='bbox 1088 1023 1242 1101; x_wconf 88' lang='lat' dir='ltr'><strong><em>amioum,</em></strong></span> <span class='ocrx_word' id='word_1_38' title='bbox 1274 1024 1302 1087; x_wconf 93' lang='lat' dir='ltr'><strong><em>si</em></strong></span> <span class='ocrx_word' id='word_1_39' title='bbox 1335 1025 1410 1108; x_wconf 91' lang='lat' dir='ltr'><strong><em>quid</em></strong></span> <span class='ocrx_word' id='word_1_40' title='bbox 1432 1046 1494 1088; x_wconf 90' lang='lat' dir='ltr'><strong><em>con·</em></strong></span> 
     </span>
     <span class='ocr_line' id='line_1_7' title="bbox 346 1123 1152 1209; baseline -0.004 -19"><span class='ocrx_word' id='word_1_41' title='bbox 346 1123 478 1206; x_wconf 82' lang='lat' dir='ltr'><strong><em>miserit,</em></strong></span> <span class='ocrx_word' id='word_1_42' title='bbox 501 1124 650 1208; x_wconf 88' lang='lat' dir='ltr'><strong><em>castigare</em></strong></span> <span class='ocrx_word' id='word_1_43' title='bbox 672 1125 776 1189; x_wconf 88' lang='lat' dir='ltr'><strong><em>Plauti</em></strong></span> <span class='ocrx_word' id='word_1_44' title='bbox 795 1124 1001 1188; x_wconf 89' lang='lat' dir='ltr'><strong><em>Trinummus</em></strong></span> <span class='ocrx_word' id='word_1_45' title='bbox 1024 1123 1152 1209; x_wconf 81' lang='lat' dir='ltr'><strong><em>incipit:</em></strong></span> 
     </span>
    </p>
   </div>
   <div class='ocr_carea' id='block_1_4' title="bbox 540 1224 1257 1636">
    <p class='ocr_par' dir='ltr' id='par_1_4' title="bbox 540 1224 1169 1377">
     <span class='ocr_line' id='line_1_8' title="bbox 541 1224 1126 1293; baseline 0 -17"><span class='ocrx_word' id='word_1_46' title='bbox 541 1225 661 1278; x_wconf 81' lang='lat' dir='ltr'><strong><em>Amicum</em></strong></span> <span class='ocrx_word' id='word_1_47' title='bbox 681 1226 811 1293; x_wconf 86' lang='lat' dir='ltr'><strong><em>castigare</em></strong></span> <span class='ocrx_word' id='word_1_48' title='bbox 830 1225 863 1277; x_wconf 93' lang='lat' dir='ltr'><strong><em>ob</em></strong></span> <span class='ocrx_word' id='word_1_49' title='bbox 883 1224 1001 1276; x_wconf 88' lang='lat' dir='ltr'><strong><em>meritam</em></strong></span> <span class='ocrx_word' id='word_1_50' title='bbox 1020 1224 1126 1276; x_wconf 79' lang='lat' dir='ltr'><strong><em>noxiam</em></strong></span> 
     </span>
     <span class='ocr_line' id='line_1_9' title="bbox 540 1310 1169 1377; baseline 0.002 -14"><span class='ocrx_word' id='word_1_51' title='bbox 540 1310 690 1365; x_wconf 87' lang='lat' dir='ltr'><strong><em>Inmoenest</em></strong></span> <span class='ocrx_word' id='word_1_52' title='bbox 708 1311 821 1377; x_wconf 85' lang='lat' dir='ltr'><strong><em>facinus,</em></strong></span> <span class='ocrx_word' id='word_1_53' title='bbox 840 1327 929 1363; x_wconf 84' lang='lat' dir='ltr'><strong><em>verum</em></strong></span> <span class='ocrx_word' id='word_1_54' title='bbox 949 1311 977 1362; x_wconf 92' lang='lat' dir='ltr'><strong><em>in</em></strong></span> <span class='ocrx_word' id='word_1_55' title='bbox 997 1315 1083 1363; x_wconf 86' lang='lat' dir='ltr'><strong><em>aetate</em></strong></span> <span class='ocrx_word' id='word_1_56' title='bbox 1103 1311 1169 1364; x_wconf 90' lang='lat' dir='ltr'><strong><em>utile</em></strong></span> 
     </span>
    </p>

    <p class='ocr_par' dir='ltr' id='par_1_5' title="bbox 541 1397 1257 1553">
     <span class='ocr_line' id='line_1_10' title="bbox 541 1397 1257 1465; baseline 0.003 -15"><span class='ocrx_word' id='word_1_57' title='bbox 541 1397 574 1450; x_wconf 86' lang='grc'><strong><em>115</em></strong></span> <span class='ocrx_word' id='word_1_58' title='bbox 592 1397 767 1451; x_wconf 82' lang='lat' dir='ltr'><strong><em>conducibile.</em></strong></span> <span class='ocrx_word' id='word_1_59' title='bbox 795 1413 856 1450; x_wconf 88' lang='lat' dir='ltr'><strong><em>nam</em></strong></span> <span class='ocrx_word' id='word_1_60' title='bbox 876 1414 924 1465; x_wconf 81' lang='lat' dir='ltr'><strong><em>ego</em></strong></span> <span class='ocrx_word' id='word_1_61' title='bbox 942 1398 1054 1450; x_wconf 86' lang='lat' dir='ltr'><strong><em>amicum</em></strong></span> <span class='ocrx_word' id='word_1_62' title='bbox 1073 1397 1151 1450; x_wconf 89' lang='lat' dir='ltr'><strong><em>hodie</em></strong></span> <span class='ocrx_word' id='word_1_63' title='bbox 1171 1415 1257 1452; x_wconf 90' lang='lat' dir='ltr'><strong><em>meum</em></strong></span> 
     </span>
     <span class='ocr_line' id='line_1_11' title="bbox 541 1482 1070 1553; baseline -0.006 -15"><span class='ocrx_word' id='word_1_64' title='bbox 541 1482 733 1552; x_wconf 81' lang='lat' dir='ltr'><strong><em>Concastigabo</em></strong></span> <span class='ocrx_word' id='word_1_65' title='bbox 752 1500 800 1553; x_wconf 93' lang='lat' dir='ltr'><strong><em>pro</em></strong></span> <span class='ocrx_word' id='word_1_66' title='bbox 819 1484 972 1538; x_wconf 83' lang='lat' dir='ltr'><strong><em>commerita</em></strong></span> <span class='ocrx_word' id='word_1_67' title='bbox 990 1485 1070 1537; x_wconf 81' lang='lat' dir='ltr'><strong><em>noxia</em></strong></span> 
     </span>
    </p>

    <p class='ocr_par' dir='ltr' id='par_1_6' title="bbox 540 1569 1173 1636">
     <span class='ocr_line' id='line_1_12' title="bbox 540 1569 1173 1636; baseline 0 -14"><span class='ocrx_word' id='word_1_68' title='bbox 540 1569 652 1636; x_wconf 86' lang='lat' dir='ltr'><strong><em>Invitus,</em></strong></span> <span class='ocrx_word' id='word_1_69' title='bbox 670 1571 698 1622; x_wconf 89' lang='lat' dir='ltr'><strong><em>ui</em></strong></span> <span class='ocrx_word' id='word_1_70' title='bbox 717 1570 743 1622; x_wconf 93' lang='lat' dir='ltr'><strong><em>id</em></strong></span> <span class='ocrx_word' id='word_1_71' title='bbox 763 1586 804 1624; x_wconf 91' lang='lat' dir='ltr'><strong><em>me</em></strong></span> <span class='ocrx_word' id='word_1_72' title='bbox 823 1571 918 1623; x_wconf 78' lang='lat' dir='ltr'><strong><em>invitet</em></strong></span> <span class='ocrx_word' id='word_1_73' title='bbox 936 1574 966 1622; x_wconf 90' lang='lat' dir='ltr'><strong><em>ut</em></strong></span> <span class='ocrx_word' id='word_1_74' title='bbox 984 1570 1079 1623; x_wconf 88' lang='grc'>1551515</span> <span class='ocrx_word' id='word_1_75' title='bbox 1097 1570 1173 1623; x_wconf 87' lang='lat' dir='ltr'><strong><em>fides.</em></strong></span> 
     </span>
    </p>
   </div>
   <div class='ocr_carea' id='block_1_5' title="bbox 349 1671 1494 2644">
    <p class='ocr_par' dir='ltr' id='par_1_7' title="bbox 349 1671 1493 2058">
     <span class='ocr_line' id='line_1_13' title="bbox 349 1671 1493 1757; baseline -0.003 -19"><span class='ocrx_word' id='word_1_76' title='bbox 349 1672 557 1756; x_wconf 80' lang='lat' dir='ltr'><strong><em>,Commcrita</em></strong></span> <span class='ocrx_word' id='word_1_77' title='bbox 579 1680 682 1738; x_wconf 88' lang='grc'>555515</span> <span class='ocrx_word' id='word_1_78' title='bbox 706 1671 834 1754; x_wconf 79' lang='lat' dir='ltr'><strong><em>noxia,“</em></strong></span> <span class='ocrx_word' id='word_1_79' title='bbox 866 1694 960 1757; x_wconf 88' lang='lat' dir='ltr'><strong><em>quam</em></strong></span> <span class='ocrx_word' id='word_1_80' title='bbox 983 1674 1106 1738; x_wconf 83' lang='lat' dir='ltr'><strong><em>Callicli</em></strong></span> <span class='ocrx_word' id='word_1_81' title='bbox 1135 1673 1256 1738; x_wconf 89' lang='lat' dir='ltr'><strong><em>obicere</em></strong></span> <span class='ocrx_word' id='word_1_82' title='bbox 1287 1673 1359 1739; x_wconf 89' lang='lat' dir='ltr'><strong><em>vult</em></strong></span> <span class='ocrx_word' id='word_1_83' title='bbox 1379 1675 1493 1755; x_wconf 86' lang='lat' dir='ltr'><strong><em>Megaro-</em></strong></span> 
     </span>
     <span class='ocr_line' id='line_1_14' title="bbox 349 1771 1492 1858; baseline -0.006 -20"><span class='ocrx_word' id='word_1_84' title='bbox 349 1771 448 1852; x_wconf 85' lang='lat' dir='ltr'><strong><em>nides,</em></strong></span> <span class='ocrx_word' id='word_1_85' title='bbox 477 1794 513 1837; x_wconf 91' lang='grc'><strong><em>55</em></strong></span> <span class='ocrx_word' id='word_1_86' title='bbox 529 1780 585 1853; x_wconf 90' lang='grc'>555,</span> <span class='ocrx_word' id='word_1_87' title='bbox 604 1774 683 1858; x_wconf 89' lang='lat' dir='ltr'><strong><em>quod</em></strong></span> <span class='ocrx_word' id='word_1_88' title='bbox 698 1773 903 1838; x_wconf 80' lang='lat' dir='ltr'><strong><em>Lesbonicum</em></strong></span> <span class='ocrx_word' id='word_1_89' title='bbox 918 1773 1012 1837; x_wconf 90' lang='grc'>5111151</span> <span class='ocrx_word' id='word_1_90' title='bbox 1024 1774 1202 1838; x_wconf 87' lang='lat' dir='ltr'><strong><em>Charmidis</em></strong></span> <span class='ocrx_word' id='word_1_91' title='bbox 1218 1773 1321 1837; x_wconf 89' lang='lat' dir='ltr'><strong><em>lilium</em></strong></span> <span class='ocrx_word' id='word_1_92' title='bbox 1340 1781 1492 1854; x_wconf 83' lang='lat' dir='ltr'><strong><em>corrumpat</em></strong></span> 
     </span>
     <span class='ocr_line' id='line_1_15' title="bbox 349 1872 1492 1958; baseline -0.003 -21"><span class='ocrx_word' id='word_1_93' title='bbox 349 1872 399 1937; x_wconf 89' lang='lat' dir='ltr'><strong><em>vel</em></strong></span> <span class='ocrx_word' id='word_1_94' title='bbox 433 1872 588 1957; x_wconf 88' lang='lat' dir='ltr'><strong><em>eorrumpi</em></strong></span> <span class='ocrx_word' id='word_1_95' title='bbox 622 1872 714 1938; x_wconf 88' lang='lat' dir='ltr'><strong><em>sinat.</em></strong></span> <span class='ocrx_word' id='word_1_96' title='bbox 766 1873 875 1956; x_wconf 89' lang='lat' dir='ltr'><strong><em>Neque</em></strong></span> <span class='ocrx_word' id='word_1_97' title='bbox 907 1872 987 1938; x_wconf 88' lang='lat' dir='ltr'><strong><em>hano</em></strong></span> <span class='ocrx_word' id='word_1_98' title='bbox 1025 1873 1261 1958; x_wconf 75' lang='lat' dir='ltr'><strong><em>castigationem</em></strong></span> <span class='ocrx_word' id='word_1_99' title='bbox 1295 1874 1421 1939; x_wconf 87' lang='lat' dir='ltr'><strong><em>molesta</em></strong></span> <span class='ocrx_word' id='word_1_100' title='bbox 1449 1874 1492 1935; x_wconf 85' lang='lat' dir='ltr'><strong><em>len</em></strong></span> 
     </span>
     <span class='ocr_line' id='line_1_16' title="bbox 349 1972 1018 2058; baseline -0.001 -20"><span class='ocrx_word' id='word_1_101' title='bbox 349 1972 503 2055; x_wconf 83' lang='lat' dir='ltr'><strong><em>Callicles,</em></strong></span> <span class='ocrx_word' id='word_1_102' title='bbox 525 1973 580 2058; x_wconf 91' lang='lat' dir='ltr'><strong><em>qui</em></strong></span> <span class='ocrx_word' id='word_1_103' title='bbox 602 1995 631 2038; x_wconf 85' lang='lat' dir='ltr'><strong><em>v.</em></strong></span> <span class='ocrx_word' id='word_1_104' title='bbox 654 1976 694 2039; x_wconf 83' lang='grc'><strong><em>95</em></strong></span> <span class='ocrx_word' id='word_1_105' title='bbox 716 1974 816 2038; x_wconf 87' lang='lat' dir='ltr'><strong><em>amieo</em></strong></span> <span class='ocrx_word' id='word_1_106' title='bbox 837 1973 1018 2058; x_wconf 88' lang='lat' dir='ltr'><strong><em>respondet:</em></strong></span> 
     </span>
    </p>

    <p class='ocr_par' dir='ltr' id='par_1_8' title="bbox 488 2089 1166 2160">
     <span class='ocr_line' id='line_1_17' title="bbox 488 2089 1166 2160; baseline -0.003 -16"><span class='ocrx_word' id='word_1_107' title='bbox 488 2089 580 2159; x_wconf 87' lang='lat' dir='ltr'><strong><em>Siquid</em></strong></span> <span class='ocrx_word' id='word_1_108' title='bbox 600 2091 668 2144; x_wconf 90' lang='lat' dir='ltr'><strong><em>seeis</em></strong></span> <span class='ocrx_word' id='word_1_109' title='bbox 687 2107 728 2144; x_wconf 91' lang='lat' dir='ltr'><strong><em>me</em></strong></span> <span class='ocrx_word' id='word_1_110' title='bbox 746 2091 841 2144; x_wconf 84' lang='lat' dir='ltr'><strong><em>iecisse</em></strong></span> <span class='ocrx_word' id='word_1_111' title='bbox 859 2091 955 2144; x_wconf 88' lang='lat' dir='ltr'><strong><em>inscite</em></strong></span> <span class='ocrx_word' id='word_1_112' title='bbox 974 2095 1020 2143; x_wconf 84' lang='lat' dir='ltr'><strong><em>aut</em></strong></span> <span class='ocrx_word' id='word_1_113' title='bbox 1037 2091 1166 2160; x_wconf 89' lang='lat' dir='ltr'><strong><em>improbe,</em></strong></span> 
     </span>
    </p>

    <p class='ocr_par' dir='ltr' id='par_1_9' title="bbox 349 2176 1494 2644">
     <span class='ocr_line' id='line_1_18' title="bbox 488 2176 1238 2246; baseline -0.003 -16"><span class='ocrx_word' id='word_1_114' title='bbox 488 2177 516 2230; x_wconf 92' lang='lat' dir='ltr'><strong><em>Si</em></strong></span> <span class='ocrx_word' id='word_1_115' title='bbox 534 2177 561 2230; x_wconf 92' lang='lat' dir='ltr'><strong><em>id</em></strong></span> <span class='ocrx_word' id='word_1_116' title='bbox 578 2193 633 2232; x_wconf 89' lang='lat' dir='ltr'><strong><em>nou</em></strong></span> <span class='ocrx_word' id='word_1_117' title='bbox 651 2193 692 2230; x_wconf 91' lang='lat' dir='ltr'><strong><em>me</em></strong></span> <span class='ocrx_word' id='word_1_118' title='bbox 711 2193 829 2242; x_wconf 84' lang='lat' dir='ltr'><strong><em>accusas,</em></strong></span> <span class='ocrx_word' id='word_1_119' title='bbox 848 2181 905 2230; x_wconf 87' lang='lat' dir='ltr'><strong><em>tute</em></strong></span> <span class='ocrx_word' id='word_1_120' title='bbox 923 2178 981 2246; x_wconf 87' lang='lat' dir='ltr'><strong><em>ipse</em></strong></span> <span class='ocrx_word' id='word_1_121' title='bbox 1000 2176 1181 2244; x_wconf 84' lang='lat' dir='ltr'><strong><em>obiurgandus</em></strong></span> <span class='ocrx_word' id='word_1_122' title='bbox 1201 2192 1238 2229; x_wconf 90' lang='lat' dir='ltr'><strong><em>es.</em></strong></span> 
     </span>
     <span class='ocr_line' id='line_1_19' title="bbox 349 2262 1493 2349; baseline -0.003 -20"><span class='ocrx_word' id='word_1_123' title='bbox 349 2266 461 2329; x_wconf 85' lang='lat' dir='ltr'><strong><em>Perseo</em></strong></span> <span class='ocrx_word' id='word_1_124' title='bbox 485 2285 606 2349; x_wconf 90' lang='lat' dir='ltr'><strong><em>qnoque</em></strong></span> <span class='ocrx_word' id='word_1_125' title='bbox 628 2287 656 2329; x_wconf 89' lang='lat' dir='ltr'><strong><em>v.</em></strong></span> <span class='ocrx_word' id='word_1_126' title='bbox 675 2265 735 2328; x_wconf 82' lang='lat'><strong><em>595</em></strong></span> <span class='ocrx_word' id='word_1_127' title='bbox 756 2265 817 2328; x_wconf 89' lang='lat' dir='ltr'><strong><em>buo</em></strong></span> <span class='ocrx_word' id='word_1_128' title='bbox 840 2263 984 2349; x_wconf 88' lang='grc'>55151555.</span> <span class='ocrx_word' id='word_1_129' title='bbox 1028 2263 1195 2340; x_wconf 81' lang='lat' dir='ltr'><strong><em>bononem,</em></strong></span> <span class='ocrx_word' id='word_1_130' title='bbox 1218 2263 1274 2348; x_wconf 90' lang='lat' dir='ltr'><strong><em>qui</em></strong></span> <span class='ocrx_word' id='word_1_131' title='bbox 1297 2287 1316 2328; x_wconf 86' lang='lat' dir='ltr'><strong><em>a</em></strong></span> <span class='ocrx_word' id='word_1_132' title='bbox 1338 2265 1427 2329; x_wconf 87' lang='lat' dir='ltr'><strong><em>Persa</em></strong></span> <span class='ocrx_word' id='word_1_133' title='bbox 1446 2262 1493 2327; x_wconf 85' lang='lat' dir='ltr'><strong><em>vir·</em></strong></span> 
     </span>
     <span class='ocr_line' id='line_1_20' title="bbox 350 2363 1493 2450; baseline -0.003 -22"><span class='ocrx_word' id='word_1_134' title='bbox 350 2365 454 2449; x_wconf 89' lang='lat' dir='ltr'><strong><em>ginem</em></strong></span> <span class='ocrx_word' id='word_1_135' title='bbox 478 2372 638 2450; x_wconf 88' lang='lat' dir='ltr'><strong><em>empturus</em></strong></span> <span class='ocrx_word' id='word_1_136' title='bbox 660 2364 784 2442; x_wconf 85' lang='lat' dir='ltr'><strong><em>statim,</em></strong></span> <span class='ocrx_word' id='word_1_137' title='bbox 814 2363 888 2447; x_wconf 92' lang='lat' dir='ltr'><strong><em>qnid</em></strong></span> <span class='ocrx_word' id='word_1_138' title='bbox 912 2363 1130 2448; x_wconf 72' lang='lat' dir='ltr'><strong><em>obprobium,</em></strong></span> <span class='ocrx_word' id='word_1_139' title='bbox 1160 2363 1293 2448; x_wconf 88' lang='lat' dir='ltr'><strong><em>quaerit,</em></strong></span> <span class='ocrx_word' id='word_1_140' title='bbox 1324 2384 1493 2449; x_wconf 84' lang='lat' dir='ltr'><strong><em>quamquem</em></strong></span> 
     </span>
     <span class='ocr_line' id='line_1_21' title="bbox 352 2463 1493 2550; baseline -0.004 -21"><span class='ocrx_word' id='word_1_141' title='bbox 352 2483 432 2548; x_wconf 79' lang='lat' dir='ltr'><strong><em>„quo</em></strong></span> <span class='ocrx_word' id='word_1_142' title='bbox 454 2485 565 2548; x_wconf 84' lang='lat' dir='ltr'><strong><em>genere</em></strong></span> <span class='ocrx_word' id='word_1_143' title='bbox 586 2472 640 2528; x_wconf 89' lang='grc'><strong><em>555</em></strong></span> <span class='ocrx_word' id='word_1_144' title='bbox 663 2485 724 2549; x_wconf 89' lang='lat' dir='ltr'><strong><em>qua</em></strong></span> <span class='ocrx_word' id='word_1_145' title='bbox 753 2464 786 2528; x_wconf 92' lang='lat' dir='ltr'><strong><em>in</em></strong></span> <span class='ocrx_word' id='word_1_146' title='bbox 808 2463 910 2548; x_wconf 89' lang='lat' dir='ltr'><strong><em>patria</em></strong></span> <span class='ocrx_word' id='word_1_147' title='bbox 932 2471 1004 2528; x_wconf 89' lang='grc'>5555</span> <span class='ocrx_word' id='word_1_148' title='bbox 1026 2463 1068 2526; x_wconf 87' lang='grc'><strong><em>515</em></strong></span> <span class='ocrx_word' id='word_1_149' title='bbox 1090 2472 1144 2526; x_wconf 87' lang='grc'><strong><em>555</em></strong></span> <span class='ocrx_word' id='word_1_150' title='bbox 1166 2463 1280 2547; x_wconf 91' lang='lat' dir='ltr'><strong><em>quibus</em></strong></span> <span class='ocrx_word' id='word_1_151' title='bbox 1302 2463 1493 2550; x_wconf 80' lang='lat' dir='ltr'><strong><em>perentibm,“</em></strong></span> 
     </span>
     <span class='ocr_line' id='line_1_22' title="bbox 350 2563 1494 2644; baseline -0.003 -15"><span class='ocrx_word' id='word_1_152' title='bbox 350 2563 466 2644; x_wconf 86' lang='grc'>555515,</span> <span class='ocrx_word' id='word_1_153' title='bbox 487 2563 616 2630; x_wconf 86' lang='lat' dir='ltr'><strong><em>Toxilus</em></strong></span> <span class='ocrx_word' id='word_1_154' title='bbox 638 2585 746 2628; x_wconf 88' lang='lat' dir='ltr'><strong><em>servus</em></strong></span> <span class='ocrx_word' id='word_1_155' title='bbox 767 2564 931 2642; x_wconf 85' lang='lat' dir='ltr'><strong><em>admonet,</em></strong></span> <span class='ocrx_word' id='word_1_156' title='bbox 954 2570 989 2628; x_wconf 91' lang='lat' dir='ltr'><strong><em>ut</em></strong></span> <span class='ocrx_word' id='word_1_157' title='bbox 1009 2571 1100 2627; x_wconf 94' lang='grc'>55555</span> <span class='ocrx_word' id='word_1_158' title='bbox 1123 2564 1161 2627; x_wconf 94' lang='lat' dir='ltr'><strong><em>de</em></strong></span> <span class='ocrx_word' id='word_1_159' title='bbox 1183 2563 1249 2627; x_wconf 92' lang='lat' dir='ltr'><strong><em>illis</em></strong></span> <span class='ocrx_word' id='word_1_160' title='bbox 1272 2565 1366 2629; x_wconf 89' lang='lat' dir='ltr'><strong><em>rebus</em></strong></span> <span class='ocrx_word' id='word_1_161' title='bbox 1388 2565 1494 2628; x_wconf 80' lang='lat' dir='ltr'><strong><em>Persen</em></strong></span> 
     </span>
    </p>
   </div>
   <div class='ocr_carea' id='block_1_6' title="bbox 350 2664 1496 3178">
    <p class='ocr_par' dir='ltr' id='par_1_10' title="bbox 350 2664 1496 3178">
     <span class='ocr_line' id='line_1_23' title="bbox 350 2664 535 2748; baseline 0 -20"><span class='ocrx_word' id='word_1_162' title='bbox 350 2664 535 2748; x_wconf 88' lang='lat' dir='ltr'><strong><em>interroget:</em></strong></span> 
     </span>
     <span class='ocr_line' id='line_1_24' title="bbox 372 2760 1428 2832; baseline -0.002 -16"><span class='ocrx_word' id='word_1_163' title='bbox 372 2760 428 2818; x_wconf 82' lang='lat' dir='ltr'><strong><em>&#39;1⁸o:</em></strong></span> <span class='ocrx_word' id='word_1_164' title='bbox 454 2763 531 2828; x_wconf 83' lang='lat' dir='ltr'><strong><em>Tace,</em></strong></span> <span class='ocrx_word' id='word_1_165' title='bbox 549 2767 621 2816; x_wconf 83' lang='lat' dir='ltr'><strong><em>tace:</em></strong></span> <span class='ocrx_word' id='word_1_166' title='bbox 647 2763 726 2816; x_wconf 90' lang='grc'>5111115</span> <span class='ocrx_word' id='word_1_167' title='bbox 745 2768 775 2817; x_wconf 89' lang='lat' dir='ltr'><strong><em>tu</em></strong></span> <span class='ocrx_word' id='word_1_168' title='bbox 793 2762 898 2832; x_wconf 85' lang='lat' dir='ltr'><strong><em>quidem</em></strong></span> <span class='ocrx_word' id='word_1_169' title='bbox 919 2762 1006 2815; x_wconf 88' lang='lat' dir='ltr'><strong><em>hercle</em></strong></span> <span class='ocrx_word' id='word_1_170' title='bbox 1025 2762 1102 2815; x_wconf 90' lang='lat' dir='ltr'><strong><em>homo</em></strong></span> <span class='ocrx_word' id='word_1_171' title='bbox 1122 2761 1220 2815; x_wconf 86' lang='lat' dir='ltr'><strong><em>stultus</em></strong></span> <span class='ocrx_word' id='word_1_172' title='bbox 1240 2779 1267 2816; x_wconf 89' lang='grc'><strong><em>55</em></strong></span> <span class='ocrx_word' id='word_1_173' title='bbox 1287 2763 1428 2832; x_wconf 89' lang='lat' dir='ltr'><strong><em>pueriliter.</em></strong></span> 
     </span>
     <span class='ocr_line' id='line_1_25' title="bbox 391 2845 1407 2918; baseline 0 -16"><span class='ocrx_word' id='word_1_174' title='bbox 391 2845 425 2902; x_wconf 73' lang='lat'><strong><em>11:</em></strong></span> <span class='ocrx_word' id='word_1_175' title='bbox 454 2849 521 2913; x_wconf 84' lang='lat' dir='ltr'><strong><em>Quid</em></strong></span> <span class='ocrx_word' id='word_1_176' title='bbox 541 2849 599 2903; x_wconf 84' lang='lat' dir='ltr'><strong><em>ital</em></strong></span> <span class='ocrx_word' id='word_1_177' title='bbox 634 2847 689 2903; x_wconf 81' lang='lat'>¹1¹⁰:</span> <span class='ocrx_word' id='word_1_178' title='bbox 709 2849 776 2912; x_wconf 82' lang='lat' dir='ltr'><strong><em>Quia</em></strong></span> <span class='ocrx_word' id='word_1_179' title='bbox 795 2850 911 2902; x_wconf 89' lang='grc'>55111155</span> <span class='ocrx_word' id='word_1_180' title='bbox 931 2848 1071 2916; x_wconf 78' lang='grc'>51555115</span> <span class='ocrx_word' id='word_1_181' title='bbox 1091 2850 1164 2917; x_wconf 91' lang='lat' dir='ltr'><strong><em>prius</em></strong></span> <span class='ocrx_word' id='word_1_182' title='bbox 1184 2851 1334 2918; x_wconf 89' lang='lat' dir='ltr'><strong><em>percontari</em></strong></span> <span class='ocrx_word' id='word_1_183' title='bbox 1353 2850 1407 2903; x_wconf 81' lang='lat' dir='ltr'><strong><em>volo</em></strong></span> 
     </span>
     <span class='ocr_line' id='line_1_26' title="bbox 456 2931 1496 3004; baseline -0.009 -15"><span class='ocrx_word' id='word_1_184' title='bbox 456 2935 529 2999; x_wconf 84' lang='lat' dir='ltr'><strong><em>Quae</em></strong></span> <span class='ocrx_word' id='word_1_185' title='bbox 548 2935 581 2989; x_wconf 86' lang='lat' dir='ltr'><strong><em>ad</em></strong></span> <span class='ocrx_word' id='word_1_186' title='bbox 600 2952 654 2989; x_wconf 90' lang='lat' dir='ltr'><strong><em>rem</em></strong></span> <span class='ocrx_word' id='word_1_187' title='bbox 672 2936 803 2989; x_wconf 84' lang='lat' dir='ltr'><strong><em>raserunt.</em></strong></span> <span class='ocrx_word' id='word_1_188' title='bbox 840 2931 878 2986; x_wconf 68' lang='lat'><strong><em>11:</em></strong></span> <span class='ocrx_word' id='word_1_189' title='bbox 903 2937 991 3004; x_wconf 83' lang='lat' dir='ltr'><strong><em>Atque</em></strong></span> <span class='ocrx_word' id='word_1_190' title='bbox 1011 2936 1098 2988; x_wconf 87' lang='grc'>1151515</span> <span class='ocrx_word' id='word_1_191' title='bbox 1116 2941 1146 2988; x_wconf 89' lang='lat' dir='ltr'><strong><em>tu</em></strong></span> <span class='ocrx_word' id='word_1_192' title='bbox 1165 2952 1206 2989; x_wconf 91' lang='lat' dir='ltr'><strong><em>me</em></strong></span> <span class='ocrx_word' id='word_1_193' title='bbox 1224 2937 1350 2990; x_wconf 89' lang='lat' dir='ltr'><strong><em>monuisti</em></strong></span> <span class='ocrx_word' id='word_1_194' title='bbox 1369 2937 1418 2988; x_wconf 88' lang='lat' dir='ltr'><strong><em>bau</em></strong></span> <span class='ocrx_word' id='word_1_195' title='bbox 1435 2932 1496 2986; x_wconf 87' lang='lat' dir='ltr'><strong><em>male.</em></strong></span> 
     </span>
     <span class='ocr_line' id='line_1_27' title="bbox 457 3021 1297 3090; baseline 0.002 -18"><span class='ocrx_word' id='word_1_196' title='bbox 457 3021 523 3074; x_wconf 89' lang='lat' dir='ltr'><strong><em>Vide</em></strong></span> <span class='ocrx_word' id='word_1_197' title='bbox 543 3023 588 3089; x_wconf 89' lang='lat' dir='ltr'><strong><em>sis,</em></strong></span> <span class='ocrx_word' id='word_1_198' title='bbox 607 3037 655 3090; x_wconf 88' lang='lat' dir='ltr'><strong><em>ego</em></strong></span> <span class='ocrx_word' id='word_1_199' title='bbox 674 3021 718 3074; x_wconf 92' lang='lat' dir='ltr'><strong><em>ille</em></strong></span> <span class='ocrx_word' id='word_1_200' title='bbox 739 3021 832 3076; x_wconf 89' lang='lat' dir='ltr'><strong><em>doctus</em></strong></span> <span class='ocrx_word' id='word_1_201' title='bbox 852 3021 912 3074; x_wconf 91' lang='lat' dir='ltr'><strong><em>leno</em></strong></span> <span class='ocrx_word' id='word_1_202' title='bbox 931 3038 1015 3089; x_wconf 89' lang='grc'>55555</span> <span class='ocrx_word' id='word_1_203' title='bbox 1034 3023 1062 3073; x_wconf 92' lang='grc'><strong><em>15</em></strong></span> <span class='ocrx_word' id='word_1_204' title='bbox 1081 3023 1181 3075; x_wconf 84' lang='lat' dir='ltr'><strong><em>foveam</em></strong></span> <span class='ocrx_word' id='word_1_205' title='bbox 1201 3022 1297 3088; x_wconf 91' lang='lat' dir='ltr'><strong><em>decidi,</em></strong></span> 
     </span>
     <span class='ocr_line' id='line_1_28' title="bbox 455 3107 1496 3178; baseline -0.008 -17"><span class='ocrx_word' id='word_1_206' title='bbox 455 3109 488 3161; x_wconf 87' lang='lat' dir='ltr'><strong><em>Ni</em></strong></span> <span class='ocrx_word' id='word_1_207' title='bbox 501 3109 544 3162; x_wconf 91' lang='lat' dir='ltr'><strong><em>hic</em></strong></span> <span class='ocrx_word' id='word_1_208' title='bbox 557 3107 673 3161; x_wconf 86' lang='lat' dir='ltr'><strong><em>adesses.</em></strong></span> <span class='ocrx_word' id='word_1_209' title='bbox 692 3117 818 3176; x_wconf 85' lang='lat' dir='ltr'><strong><em>quantum</em></strong></span> <span class='ocrx_word' id='word_1_210' title='bbox 830 3113 870 3161; x_wconf 91' lang='grc'><strong><em>555</em></strong></span> <span class='ocrx_word' id='word_1_211' title='bbox 881 3107 1011 3161; x_wconf 87' lang='grc'>1151515551</span> <span class='ocrx_word' id='word_1_212' title='bbox 1023 3109 1134 3162; x_wconf 87' lang='lat' dir='ltr'><strong><em>amicum</em></strong></span> <span class='ocrx_word' id='word_1_213' title='bbox 1152 3108 1286 3176; x_wconf 89' lang='lat' dir='ltr'><strong><em>adhibere,</em></strong></span> <span class='ocrx_word' id='word_1_214' title='bbox 1301 3111 1346 3162; x_wconf 92' lang='lat' dir='ltr'><strong><em>ubi</em></strong></span> <span class='ocrx_word' id='word_1_215' title='bbox 1356 3107 1414 3178; x_wconf 90' lang='lat' dir='ltr'><strong><em>quid</em></strong></span> <span class='ocrx_word' id='word_1_216' title='bbox 1426 3117 1496 3173; x_wconf 85' lang='lat' dir='ltr'><strong><em>geres.</em></strong></span> 
     </span>
    </p>
   </div>
   <div class='ocr_carea' id='block_1_7' title="bbox 353 3195 1539 3624">
    <p class='ocr_par' dir='ltr' id='par_1_11' title="bbox 353 3195 1539 3624">
     <span class='ocr_line' id='line_1_29' title="bbox 353 3195 1539 3280; baseline -0.001 -19"><span class='ocrx_word' id='word_1_217' title='bbox 353 3195 458 3261; x_wconf 87' lang='lat' dir='ltr'><strong><em>Simili</em></strong></span> <span class='ocrx_word' id='word_1_218' title='bbox 480 3196 570 3262; x_wconf 93' lang='lat' dir='ltr'><strong><em>modo</em></strong></span> <span class='ocrx_word' id='word_1_219' title='bbox 593 3195 722 3260; x_wconf 88' lang='lat' dir='ltr'><strong><em>Poenuli</em></strong></span> <span class='ocrx_word' id='word_1_220' title='bbox 745 3217 774 3259; x_wconf 77' lang='lat' dir='ltr'><strong><em>v,</em></strong></span> <span class='ocrx_word' id='word_1_221' title='bbox 798 3195 877 3261; x_wconf 83' lang='lat'>1338</span> <span class='ocrx_word' id='word_1_222' title='bbox 899 3196 1000 3280; x_wconf 86' lang='lat' dir='ltr'><strong><em>Lycus</em></strong></span> <span class='ocrx_word' id='word_1_223' title='bbox 1023 3195 1092 3260; x_wconf 90' lang='lat' dir='ltr'><strong><em>leno</em></strong></span> <span class='ocrx_word' id='word_1_224' title='bbox 1116 3195 1288 3260; x_wconf 85' lang='lat' dir='ltr'><strong><em>exclamat:</em></strong></span> <span class='ocrx_word' id='word_1_225' title='bbox 1538 3223 1539 3278; x_wconf 75' lang='grc'><strong><em>1</em></strong></span> 
     </span>
     <span class='ocr_line' id='line_1_30' title="bbox 547 3295 1140 3365; baseline -0.002 -17"><span class='ocrx_word' id='word_1_226' title='bbox 547 3295 684 3365; x_wconf 90' lang='lat' dir='ltr'><strong><em>Decipitur</em></strong></span> <span class='ocrx_word' id='word_1_227' title='bbox 701 3311 778 3348; x_wconf 88' lang='lat' dir='ltr'><strong><em>nemo</em></strong></span> <span class='ocrx_word' id='word_1_228' title='bbox 798 3312 855 3348; x_wconf 88' lang='grc'>5155</span> <span class='ocrx_word' id='word_1_229' title='bbox 874 3296 979 3363; x_wconf 89' lang='lat' dir='ltr'><strong><em>quidem</em></strong></span> <span class='ocrx_word' id='word_1_230' title='bbox 999 3296 1140 3360; x_wconf 85' lang='lat' dir='ltr'><strong><em>sententia,</em></strong></span> 
     </span>
     <span class='ocr_line' id='line_1_31' title="bbox 548 3381 1142 3445; baseline 0 -10"><span class='ocrx_word' id='word_1_231' title='bbox 548 3382 598 3445; x_wconf 90' lang='lat' dir='ltr'><strong><em>Qui</em></strong></span> <span class='ocrx_word' id='word_1_232' title='bbox 616 3382 672 3434; x_wconf 88' lang='lat' dir='ltr'><strong><em>suis</em></strong></span> <span class='ocrx_word' id='word_1_233' title='bbox 692 3381 784 3434; x_wconf 88' lang='lat' dir='ltr'><strong><em>amicis</em></strong></span> <span class='ocrx_word' id='word_1_234' title='bbox 802 3387 893 3435; x_wconf 89' lang='grc'>551155</span> <span class='ocrx_word' id='word_1_235' title='bbox 911 3388 981 3435; x_wconf 89' lang='grc'>15555</span> <span class='ocrx_word' id='word_1_236' title='bbox 1000 3399 1041 3435; x_wconf 89' lang='grc'><strong><em>155</em></strong></span> <span class='ocrx_word' id='word_1_237' title='bbox 1061 3399 1142 3435; x_wconf 89' lang='lat' dir='ltr'><strong><em>suas:</em></strong></span> 
     </span>
     <span class='ocr_line' id='line_1_32' title="bbox 548 3468 1292 3534; baseline -0.003 -13"><span class='ocrx_word' id='word_1_238' title='bbox 548 3468 613 3521; x_wconf 88' lang='lat' dir='ltr'><strong><em>Nam</em></strong></span> <span class='ocrx_word' id='word_1_239' title='bbox 633 3469 755 3522; x_wconf 90' lang='lat' dir='ltr'><strong><em>omnibus</em></strong></span> <span class='ocrx_word' id='word_1_240' title='bbox 775 3469 866 3522; x_wconf 89' lang='lat' dir='ltr'><strong><em>amicis</em></strong></span> <span class='ocrx_word' id='word_1_241' title='bbox 886 3470 950 3522; x_wconf 89' lang='lat' dir='ltr'><strong><em>meis</em></strong></span> <span class='ocrx_word' id='word_1_242' title='bbox 969 3469 1038 3521; x_wconf 90' lang='lat' dir='ltr'><strong><em>idem</em></strong></span> <span class='ocrx_word' id='word_1_243' title='bbox 1057 3486 1138 3522; x_wconf 90' lang='lat' dir='ltr'><strong><em>unum</em></strong></span> <span class='ocrx_word' id='word_1_244' title='bbox 1159 3468 1292 3534; x_wconf 84' lang='lat' dir='ltr'><strong><em>convenit,</em></strong></span> 
     </span>
     <span class='ocr_line' id='line_1_33' title="bbox 548 3553 1202 3624; baseline -0.003 -16"><span class='ocrx_word' id='word_1_245' title='bbox 548 3553 583 3608; x_wconf 91' lang='lat' dir='ltr'><strong><em>Ut</em></strong></span> <span class='ocrx_word' id='word_1_246' title='bbox 599 3571 640 3607; x_wconf 90' lang='lat' dir='ltr'><strong><em>me</em></strong></span> <span class='ocrx_word' id='word_1_247' title='bbox 660 3555 830 3624; x_wconf 88' lang='lat' dir='ltr'><strong><em>suspendam,</em></strong></span> <span class='ocrx_word' id='word_1_248' title='bbox 848 3571 881 3608; x_wconf 91' lang='lat' dir='ltr'><strong><em>ne</em></strong></span> <span class='ocrx_word' id='word_1_249' title='bbox 901 3555 1009 3608; x_wconf 82' lang='lat' dir='ltr'><strong><em>addicar</em></strong></span> <span class='ocrx_word' id='word_1_250' title='bbox 1027 3555 1202 3623; x_wconf 82' lang='lat' dir='ltr'><strong><em>Agorastocli.</em></strong></span> 
     </span>
    </p>
   </div>
   <div class='ocr_carea' id='block_1_8' title="bbox 355 3640 1496 3825">
    <p class='ocr_par' dir='ltr' id='par_1_12' title="bbox 355 3640 1496 3825">
     <span class='ocr_line' id='line_1_34' title="bbox 356 3640 1496 3726; baseline 0 -20"><span class='ocrx_word' id='word_1_251' title='bbox 356 3640 537 3726; x_wconf 84' lang='lat' dir='ltr'><strong><em>„Decipitur</em></strong></span> <span class='ocrx_word' id='word_1_252' title='bbox 558 3640 691 3707; x_wconf 84' lang='lat' dir='ltr'><strong><em>nemo?“</em></strong></span> <span class='ocrx_word' id='word_1_253' title='bbox 728 3641 902 3722; x_wconf 87' lang='lat' dir='ltr'><strong><em>Nimirum,</em></strong></span> <span class='ocrx_word' id='word_1_254' title='bbox 926 3641 1000 3726; x_wconf 92' lang='lat' dir='ltr'><strong><em>quia</em></strong></span> <span class='ocrx_word' id='word_1_255' title='bbox 1022 3665 1093 3707; x_wconf 89' lang='lat' dir='ltr'><strong><em>eum</em></strong></span> <span class='ocrx_word' id='word_1_256' title='bbox 1116 3649 1243 3707; x_wconf 86' lang='grc'>11155555</span> <span class='ocrx_word' id='word_1_257' title='bbox 1264 3641 1376 3721; x_wconf 84' lang='grc'>515151,</span> <span class='ocrx_word' id='word_1_258' title='bbox 1405 3653 1496 3716; x_wconf 77' lang='lat' dir='ltr'><strong><em>neque,</em></strong></span> 
     </span>
     <span class='ocr_line' id='line_1_35' title="bbox 355 3740 1098 3825; baseline 0.001 -19"><span class='ocrx_word' id='word_1_259' title='bbox 355 3740 381 3806; x_wconf 87' lang='lat' dir='ltr'><strong><em>si</em></strong></span> <span class='ocrx_word' id='word_1_260' title='bbox 405 3740 479 3825; x_wconf 89' lang='lat' dir='ltr'><strong><em>quid</em></strong></span> <span class='ocrx_word' id='word_1_261' title='bbox 502 3741 596 3806; x_wconf 87' lang='grc'>555155</span> <span class='ocrx_word' id='word_1_262' title='bbox 621 3744 758 3806; x_wconf 86' lang='grc'>15555155</span> <span class='ocrx_word' id='word_1_263' title='bbox 781 3750 836 3822; x_wconf 88' lang='lat' dir='ltr'><strong><em>est,</em></strong></span> <span class='ocrx_word' id='word_1_264' title='bbox 861 3745 958 3806; x_wconf 88' lang='grc'>155515</span> <span class='ocrx_word' id='word_1_265' title='bbox 981 3743 1098 3807; x_wconf 89' lang='grc'>515555.</span> 
     </span>
    </p>
   </div>
   <div class='ocr_carea' id='block_1_9' title="bbox 355 3847 1496 4044">
    <p class='ocr_par' dir='ltr' id='par_1_13' title="bbox 355 3847 1496 4044">
     <span class='ocr_line' id='line_1_36' title="bbox 436 3847 1496 3943; baseline -0.012 -21"><span class='ocrx_word' id='word_1_266' title='bbox 436 3858 581 3923; x_wconf 87' lang='lat' dir='ltr'><strong><em>Bacchid.</em></strong></span> <span class='ocrx_word' id='word_1_267' title='bbox 612 3880 640 3923; x_wconf 93' lang='lat' dir='ltr'><strong><em>v.</em></strong></span> <span class='ocrx_word' id='word_1_268' title='bbox 662 3860 724 3922; x_wconf 82' lang='lat'><strong><em>494</em></strong></span> <span class='ocrx_word' id='word_1_269' title='bbox 745 3879 790 3943; x_wconf 91' lang='lat' dir='ltr'><strong><em>sq.</em></strong></span> <span class='ocrx_word' id='word_1_270' title='bbox 821 3860 1010 3925; x_wconf 86' lang='lat' dir='ltr'><strong><em>Philoxenus</em></strong></span> <span class='ocrx_word' id='word_1_271' title='bbox 1033 3860 1262 3925; x_wconf 89' lang='lat' dir='ltr'><strong><em>Mnesilochum</em></strong></span> <span class='ocrx_word' id='word_1_272' title='bbox 1290 3859 1422 3924; x_wconf 88' lang='grc'>51515515</span> <span class='ocrx_word' id='word_1_273' title='bbox 1441 3847 1496 3926; x_wconf 87' lang='lat' dir='ltr'><strong><em>filii,</em></strong></span> 
     </span>
     <span class='ocr_line' id='line_1_37' title="bbox 355 3960 950 4044; baseline 0.005 -22"><span class='ocrx_word' id='word_1_274' title='bbox 355 3979 448 4044; x_wconf 89' lang='lat' dir='ltr'><strong><em>quem</em></strong></span> <span class='ocrx_word' id='word_1_275' title='bbox 471 3967 648 4044; x_wconf 87' lang='lat' dir='ltr'><strong><em>corruptum</em></strong></span> <span class='ocrx_word' id='word_1_276' title='bbox 673 3967 771 4044; x_wconf 87' lang='grc'>55555,</span> <span class='ocrx_word' id='word_1_277' title='bbox 793 3960 950 4025; x_wconf 88' lang='lat' dir='ltr'><strong><em>hortatur:</em></strong></span> 
     </span>
    </p>
   </div>
   <div class='ocr_carea' id='block_1_10' title="bbox 389 4064 1435 4205">
    <p class='ocr_par' dir='ltr' id='par_1_14' title="bbox 389 4064 1435 4205">
     <span class='ocr_line' id='line_1_38' title="bbox 389 4064 1435 4135; baseline -0.006 -17"><span class='ocrx_word' id='word_1_278' title='bbox 389 4064 559 4131; x_wconf 83' lang='lat' dir='ltr'><strong><em>Mnesiloche,</em></strong></span> <span class='ocrx_word' id='word_1_279' title='bbox 578 4064 627 4119; x_wconf 90' lang='lat' dir='ltr'><strong><em>boc</em></strong></span> <span class='ocrx_word' id='word_1_280' title='bbox 644 4070 730 4118; x_wconf 88' lang='lat' dir='ltr'><strong><em>tecum</em></strong></span> <span class='ocrx_word' id='word_1_281' title='bbox 751 4082 806 4132; x_wconf 92' lang='lat' dir='ltr'><strong><em>oro,</em></strong></span> <span class='ocrx_word' id='word_1_282' title='bbox 823 4071 853 4119; x_wconf 94' lang='lat' dir='ltr'><strong><em>ut</em></strong></span> <span class='ocrx_word' id='word_1_283' title='bbox 871 4066 943 4120; x_wconf 90' lang='lat' dir='ltr'><strong><em>illius</em></strong></span> <span class='ocrx_word' id='word_1_284' title='bbox 963 4068 1078 4119; x_wconf 87' lang='lat' dir='ltr'><strong><em>animum</em></strong></span> <span class='ocrx_word' id='word_1_285' title='bbox 1098 4073 1178 4135; x_wconf 86' lang='lat' dir='ltr'><strong><em>etque</em></strong></span> <span class='ocrx_word' id='word_1_286' title='bbox 1196 4067 1333 4134; x_wconf 85' lang='lat' dir='ltr'><strong><em>ingenium</em></strong></span> <span class='ocrx_word' id='word_1_287' title='bbox 1352 4078 1435 4132; x_wconf 85' lang='lat' dir='ltr'><strong><em>regas:</em></strong></span> 
     </span>
     <span class='ocr_line' id='line_1_39' title="bbox 390 4151 909 4205; baseline 0.004 -2"><span class='ocrx_word' id='word_1_288' title='bbox 390 4151 471 4204; x_wconf 83' lang='lat' dir='ltr'><strong><em>Serra</em></strong></span> <span class='ocrx_word' id='word_1_289' title='bbox 489 4152 538 4203; x_wconf 88' lang='lat' dir='ltr'><strong><em>tibi</em></strong></span> <span class='ocrx_word' id='word_1_290' title='bbox 558 4151 674 4205; x_wconf 87' lang='lat' dir='ltr'><strong><em>sodalem</em></strong></span> <span class='ocrx_word' id='word_1_291' title='bbox 694 4155 720 4204; x_wconf 89' lang='grc'><strong><em>55</em></strong></span> <span class='ocrx_word' id='word_1_292' title='bbox 738 4152 801 4204; x_wconf 88' lang='grc'>151111</span> <span class='ocrx_word' id='word_1_293' title='bbox 818 4151 909 4205; x_wconf 89' lang='grc'>1111515.</span> 
     </span>
    </p>
   </div>
   <div class='ocr_carea' id='block_1_11' title="bbox 355 4237 605 4323">
    <p class='ocr_par' dir='ltr' id='par_1_15' title="bbox 355 4237 605 4323">
     <span class='ocr_line' id='line_1_40' title="bbox 355 4237 605 4323; baseline -0.012 -20"><span class='ocrx_word' id='word_1_294' title='bbox 355 4247 386 4303; x_wconf 90' lang='grc'><strong><em>55</em></strong></span> <span class='ocrx_word' id='word_1_295' title='bbox 407 4237 499 4323; x_wconf 90' lang='grc'>55515</span> <span class='ocrx_word' id='word_1_296' title='bbox 521 4255 605 4323; x_wconf 85' lang='lat' dir='ltr'><strong><em>post:</em></strong></span> 
     </span>
    </p>
   </div>
   <div class='ocr_carea' id='block_1_12' title="bbox 0 0 1590 5068">
    <p class='ocr_par' dir='ltr' id='par_1_16' title="bbox 0 0 1590 5068">
     <span class='ocr_line' id='line_1_41' title="bbox 0 0 1590 5068; baseline 0 0"><span class='ocrx_word' id='word_1_297' title='bbox 0 0 1590 5068; x_wconf 95' lang='lat' dir='ltr'><strong><em> </em></strong></span> 
     </span>
    </p>
   </div>
  </div>
 </body>
</html>
