3140 5068
557 431 764 497 -31-

180 606 333 692 Denique,
374 615 410 672 ut
449 609 543 674 huius
573 611 671 696 partis
708 612 803 676 finem
843 611 1008 691 faciamus,
1051 615 1244 678 conferamus

60 705 421 774 Heautontimorumeni
441 730 550 775 versus
571 711 632 775 745
649 731 695 796 sq.
737 711 851 776 Servus
871 711 1068 778 meretricem
1092 735 1131 779 ex
1148 714 1242 780 Chre-

62 805 168 870 metis
190 805 280 870 domo
300 806 452 872 abducere
474 810 600 875 iubetur
623 818 653 874 et

146 912 228 976 Quam
243 915 276 967 ob
296 915 370 970 ram?
395 911 526 992 quaerit.

103 1020 148 1074 Ne
164 1037 285 1090 quaeras,
304 1013 469 1100 respondet
483 1014 562 1078 alter
575 1032 699 1076 servus:
721 1016 838 1070 ecferant
848 1034 916 1086 quaa
926 1034 1013 1072 secum
1027 1020 1077 1072 huc
1088 1021 1243 1082 attulerunt,

105 1116 236 1184 Sperabit
256 1121 391 1185 sumptum
411 1115 461 1167 sibi
480 1130 561 1167 senex
580 1112 694 1166 levatum
716 1131 774 1168 esso
794 1116 893 1169 barunc
911 1116 1001 1169 abitu:

104 1203 149 1255 Ne
168 1202 213 1255 ille
232 1202 302 1256 baud
322 1203 381 1268 scit,
399 1200 449 1254 hoc
466 1200 574 1269 paulum
594 1200 661 1254 lircri
682 1206 809 1268 quantum
829 1203 852 1254 ci
874 1201 999 1254 damnum
1018 1201 1148 1272 adportet.

64 1289 190 1354 Omnes
211 1290 245 1353 hi
268 1288 451 1354 Terentiani
472 1286 552 1364 loci,
583 1307 659 1371 quos
681 1287 784 1368 attuli,
807 1308 862 1372 per
884 1307 915 1352 se
938 1288 1024 1372 plani
1047 1298 1122 1354 sunt
1142 1312 1243 1375 neque

64 1390 187 1468 habeo,
213 1411 292 1474 quae
312 1389 450 1476 addam..

157 1491 226 1554 Huc
248 1490 384 1555 inseram
403 1497 602 1575 praeceptum
614 1487 751 1572 Epicuri,
777 1488 857 1571 quod
876 1487 1016 1552 omniurn
1034 1483 1244 1555 clarissimum

65 1593 204 1656 fortasse
233 1589 478 1655 existimandum
509 1595 556 1652 est
586 1594 617 1652 et
635 1586 742 1670 aliqua
764 1588 890 1671 quidem
922 1609 959 1652 ex
988 1597 1074 1674 parte
1098 1612 1170 1655 cum
1193 1613 1244 1656 vo-

64 1690 206 1776 luptatis
238 1690 379 1756 doctrina
409 1690 568 1756 cohaeret:
600 1685 688 1750 taes
711 1686 842 1767 βιώσας.
906 1689 1034 1752 Munera
1075 1691 1160 1756 enim
1201 1695 1244 1758 rei

65 1792 220 1877 publicae
242 1814 313 1856 cum
335 1791 479 1856 homines
509 1788 709 1874 prohibeant,
740 1787 908 1871 quominus
936 1788 973 1852 ad
1005 1790 1192 1874 sapientiam
1215 1802 1246 1857 et

67 1891 303 1958 beatitudinem
326 1891 518 1977 perveniant,
541 1888 667 1954 omnino
684 1908 723 1952 ne
737 1887 775 1950 ad
795 1909 861 1951 rem
878 1887 1037 1972 publicam
1052 1891 1245 1972 accedamus,

68 1994 168 2059 nobis
190 1993 354 2060 suadetur:
385 1990 485 2056 multo
514 2009 581 2054 esse
604 1987 718 2052 melius
742 1987 776 2052 in
807 1987 895 2053 molli
917 1989 1064 2073 dulcique
1093 1990 1156 2055 otio
1179 1991 1246 2055 sine

68 2095 162 2158 curis
179 2104 211 2158 et
232 2093 391 2159 aerumnis
413 2091 512 2157 vitam
531 2090 651 2171 degere.
1212 2151 1217 2162 ,Ἴ

160 2193 205 2258 Cf.
241 2196 330 2276 frgm.
361 2194 422 2258 552
453 2187 653 2273 (Plutarchus
686 2187 742 2251 vit.
774 2186 864 2271 Pyrri
897 2188 968 2267 20):
1007 2187 1175 2262 πολιτείαν
1207 2188 1246 2258 δὲ

68 2291 250 2376 φεύγοντες
272 2291 313 2368 ὥς
333 2289 461 2375 βλάβην
482 2289 536 2352 καὶ
559 2283 719 2368 σύγχυσιν
740 2289 798 2350 τοῦ
820 2291 991 2367 μακαρίου.

159 2394 199 2458 Et
211 2396 301 2477 irgm.
314 2395 372 2458 551
387 2388 617 2473 (Plutarchus):
634 2383 665 2449 si
677 2384 781 2459 καλῶς
796 2385 920 2466 εἴρηται
934 2387 974 2451 ad
989 2385 1093 2450 Adae
1105 2384 1246 2469 deducu

138 2493 197 2557 ,Et
217 2492 338 2558 ibidem
358 2491 515 2574 (Iulianus
538 2491 614 2574 imp.
636 2485 905 2552 adThemistium
923 2509 951 2572 p.
972 2488 1248 2567 478Pet.335,19

75 2593 202 2673 Hartl):
235 2591 299 2676 τήν
329 2590 546 2671 Ἐπικούρειον
583 2585 768 2669 θαυμάζειν
800 2583 1060 2670 ἀπραγμοσύνην
1088 2587 1144 2653 καὶ
1174 2589 1249 2664 τούς

70 2693 211 2775 κήπους.

166 2792 205 2856 Et
227 2793 351 2876 frgm.8
370 2791 474 2874 (Diog.
498 2791 530 2854 L.
553 2791 583 2856 X
603 2791 691 2872 119):
713 2791 792 2854 οὐδὲ
813 2791 1043 2856 notandorum
1065 2791 1098 2875 (d
1119 2790 1247 2876 σοφός),

75 2892 120 2967 ὥς
149 2891 185 2954 ἐν
205 2894 244 2975 τῇ
265 2889 380 2975 πρώτῃ
402 2892 485 2972 Περὶ
507 2896 597 2973 βίων.
638 2891 717 2954 οὐδὲ
732 2889 972 2974 τυραννεύσειν.
1025 2932 1028 2937 -

164 2989 246 3056 Hinc
269 2995 397 3057 fortasse
420 2993 626 3057 derivandum
650 3001 705 3071 est,
731 2993 811 3078 quod
835 2993 866 3056 in
879 2993 1071 3058 Menaechm.
1084 3016 1113 3059 v,
1125 2995 1187 3058 446
1200 3015 1245 3078 sq.

71 3091 245 3157 Peniculus
278 3093 433 3178 parasitus
466 3102 572 3157 contra
604 3093 762 3158 contiones
797 3093 952 3178 disputat,
993 3114 1072 3178 qnae
1104 3094 1246 3159 homines

72 3195 241 3276 occupatos
263 3200 429 3277 occupant:

180 3289 245 3344 Plus
264 3290 375 3360 triginta
392 3292 470 3345 anuis
489 3297 568 3345 natus
588 3308 655 3357 sum,
676 3307 754 3360 quom
774 3294 875 3345 interea
895 3292 946 3346 loci

181 3377 330 3445 Numquam
350 3378 491 3447 quicquam
510 3378 614 3431 facinus
634 3379 685 3432 iaci
705 3378 782 3447 peius
801 3393 887 3446 neque
906 3378 1044 3432 scelestius

181 3461 265 3527 Quam
284 3463 371 3529 bodie,
390 3479 469 3532 quom
488 3464 517 3517 in
538 3466 689 3518 contionem
708 3464 821 3516 mediam
842 3481 882 3517 ma
901 3465 1009 3517 inmersi
1029 3465 1122 3517 miser:

182 3549 234 3603 Ubi
254 3566 303 3618 ago
322 3549 385 3602 dum
404 3550 489 3618 hieto,
507 3551 693 3604 Menaechmus
713 3565 741 3603 se
761 3550 930 3602 subterduxit
948 3550 1012 3603 mihi

181 3638 269 3704 Atque
289 3636 345 3690 abit
364 3636 397 3689 ad
416 3637 536 3703 amicam,
555 3637 643 3703 credo,
662 3653 749 3706 neque
768 3652 808 3689 me
828 3636 911 3690 uoluit
929 3636 1033 3690 ducere.
1062 3668 1064 3672 Α

182 3719 233 3785 Qui
251 3722 325 3775 illum
346 3722 389 3776 dai
408 3739 499 3777 omnes
519 3723 653 3792 perduint,
672 3725 733 3792 quei
752 3724 854 3792 primus
874 3728 1049 3778 commentust

183 3807 339 3865 ¹Contionem
358 3809 463 3876 habere,
485 3811 530 3878 qui
549 3810 668 3863 homines
688 3814 831 3879 occupatos
850 3816 971 3879 occupat.

119 3929 123 3938 -
183 3894 243 3948 Νοιι
261 3894 295 3948 ad
314 3911 371 3948 eam
389 3911 444 3960 rem
463 3896 562 3949 otiosos
581 3896 700 3949 homines
719 3897 808 3949 decuit
827 3897 922 3970 delegi,

185 3978 235 4042 Qui
253 3981 306 4034 nisi
324 3981 413 4034 adsint
431 3997 509 4050 quom
529 3983 652 4049 citantur,
672 4000 767 4037 census
786 3985 875 4054 capiat
893 3982 974 4038 ilico?
1013 3983 1014 3987 ’

183 4067 329 4121 Adfatimst
346 4067 491 4135 hominum,
510 4068 538 4120 in
557 4068 614 4122 dies
633 4072 677 4139 qui
699 4070 819 4138 singulas
838 4087 912 4124 escas
932 4071 1014 4139 edint,

184 4153 286 4218 Quibus
304 4155 395 4222 negoti
413 4154 452 4206 nil
471 4159 520 4221 est,
539 4156 584 4222 qui
601 4172 688 4209 essum
707 4172 793 4225 neque
812 4163 940 4211 vocantur
957 4174 1043 4226 neque
1062 4165 1171 4212 vocant:

186 4241 240 4295 Eos
259 4244 363 4310 oportet
383 4241 501 4293 contioni
521 4240 583 4294 dara
602 4259 709 4310 operam
730 4252 809 4311 atque
826 4244 964 4298 eomitieis.
