3140 5068
568 450 775 512 ...17-

158 626 299 690 Primum
322 625 448 690 Batonis
480 619 630 712 inspicias
659 627 749 708 frgm.
774 629 792 691 5
824 626 924 710 (Kock
948 627 996 691 ΙΠ
1027 647 1095 712 pag.
1119 625 1196 709 328)
1220 649 1250 705 οι

67 747 196 790 mecum
226 726 402 810 perlustres,
447 726 566 802 Quibus
595 725 628 789 in
656 727 807 792 versibus·
828 735 916 812 pater
947 727 1163 812 paedagogum
1188 729 1251 794 filii

69 826 227 908 obiurgat,
252 826 331 910 quod
354 825 519 890 alumnum
538 847 662 910 prorsus
685 834 863 912 corrumpat
885 836 915 890 et
935 827 1034 891 vitam
1052 849 1145 912 agere
1163 828 1247 893 sinat

70 947 153 1010 quae
178 933 269 989 autea
289 925 329 989 ab
351 946 386 989 eo
407 925 510 989 aliena
533 926 645 990 suerit:

283 1019 458 1082 ἀπολώλεκας
477 1019 507 1076 τὸ
526 1019 679 1097 μειράκιόν
696 1043 752 1095 μου
769 1025 945 1096 παραλαβών,

285 1105 438 1180 άκάάαρτε,
458 1110 506 1162 καί
522 1109 659 1171 πέπεικας
677 1107 774 1164 ἐλθεῖν
794 1109 835 1171 είς
852 1113 913 1180 βίον

283 1197 426 1266 άλλότριον
444 1190 540 1261 αὐτοῦ,
558 1197 606 1249 καὶ
624 1195 727 1256 πότους
747 1192 885 1258 ἑωθινοὺς

284 1284 361 1335 πίνει
380 1278 426 1335 διὰ
445 1281 475 1336 σε’
493 1281 552 1347 νῦν,
572 1280 710 1356 πρότερον
729 1285 778 1338 cdx
797 1283 964 1344 εἰθισμένος.

68 1371 271 1453 Paedagogus
293 1380 398 1434 autem
422 1392 455 1434 se
478 1370 642 1435 defendere
664 1371 793 1457 incipit:

284 1463 335 1522 εἶτ’
354 1467 380 1522 εί
396 1471 556 1540 μεμάθηκε,
575 1457 703 1532 δέσποτα,
722 1469 779 1538 ζῆν,
798 1467 941 1540 ἐγκαλεῖς

68 1570 112 1638 et,
138 1579 210 1622 oum
232 1557 377 1622 dominus
399 1557 605 1640 quaesiverit:
629 1561 684 1638 ζῆν
706 1558 735 1620 δ
758 1558 829 1621 ἐστὶ
847 1559 886 1619 ιδ
908 1558 1046 1635 veroid}
1071 1559 1243 1645 Epicurum

68 1657 193 1722 auxilio
215 1656 277 1721 sibi
297 1656 444 1721 arcessit:

201 1765 205 1772 ’
353 1751 389 1814 ως
406 1753 518 1824 λέγουσι
537 1749 565 1825 y'
584 1755 611 1808 οί
629 1757 719 1823 σοφοί.

283 1835 298 1893 ὃ
316 1839 388 1911 γοῦν
407 1836 572 1914 Ἐπίκουρός
590 1861 677 1913 φησιν
695 1837 769 1895 εἶναι
788 1837 920 1912 τάγαθὸν

284 1927 335 2000 τὴν
354 1921 457 2000 ἡδονὴν
475 1925 629 2000 δήπουθεν.

67 2019 151 2082 Εοοο
175 2016 248 2087 illa,
282 2038 375 2101 quam
398 2037 492 2101 supra
514 2037 667 2101 exponere
690 2018 793 2082 conati
815 2037 942 2094 sumus,
971 2014 1128 2080 doctrina:
1165 2015 1250 2079 vitae

68 2119 188 2198 finem,
221 2124 343 2202 propter
365 2137 458 2200 quem
482 2117 642 2195 vivamus,
666 2137 732 2181 esse
755 2117 948 2202 voluptatem
969 2137 1100 2201 eamque
1122 2137 1251 2202 semper

69 2219 190 2282 bonum
209 2237 309 2300 neque
326 2216 486 2294 interesse,
506 2217 589 2280 undo
607 2225 773 2301 peteretur.
804 2217 919 2281 Statim
935 2226 1044 2281 autem
1063 2225 1152 2301 poeta
1169 2217 1249 2280 hano

71 2317 255 2384 doctrinam
277 2316 321 2380 ita
340 2315 431 2380 finire
454 2316 567 2396 studet,
591 2325 626 2381 ut
648 2339 720 2382 eum
743 2318 845 2383 solum
867 2317 1006 2382 suaviter
1028 2316 1248 2400 vivereposse

68 2419 220 2497 affirmet,
244 2417 298 2500 qui
320 2417 415 2481 simul
441 2417 536 2481 etiam
560 2415 744 2499 παγκάλως,
767 2419 823 2482 hoo
845 2425 893 2482 est
915 2417 1045 2481 honeste
1068 2416 1170 2482 vivat:

429 2510 481 2569 οὔκ
500 2515 575 2570 ἔστιν
593 2511 623 2568 δ’
642 2515 719 2590 ἔχειν
740 2541 748 2561 κ

284 2599 390 2672 ταύτην
409 2601 558 2676 ἑτέρωθεν,
577 2600 608 2656 ἑκ
627 2603 657 2657 δὲ
676 2602 727 2658 τοῦ
745 2602 793 2675 ζῆν
806 2604 954 2674 παγκάλως

283 2688 346 2748 ἴσως
365 2681 492 2749 ἅπαντας
512 2683 639 2762 εὔτυχεῒν
660 2688 757 2750 δαίσεις
775 2687 846 2762 ἐμοί.

67 2779 137 2842 Hao
163 2796 284 2861 quoque
308 2776 343 2840 in
365 2797 398 2840 re
419 2775 590 2868 Epicurum
614 2779 758 2863 sequitur
779 2787 879 2863 poeta,
909 2778 965 2863 qui
986 2798 1111 2864 prorsus
1136 2777 1244 2841 eadem

67 2878 255 2967 profitetur:
279 2898 340 2940 uon
362 2897 451 2961 posse
474 2876 609 2942 iucunde
627 2878 704 2958 vivi,
728 2878 792 2943 nisi
817 2879 987 2964 prudenter
1008 2886 1039 2943 et
1062 2878 1189 2942 honeste
1212 2885 1244 2941 et

67 2980 156 3043 iuste
179 2976 315 3058 vivatur,
338 2998 438 3060 neque
464 2977 632 3061 prudenter
655 2987 687 3042 et
708 2979 836 3044 honeste
858 2986 889 3043 et
910 2979 1001 3058 iuste,
1022 2978 1083 3042 uisi
1099 2978 1244 3044 iucunde.

157 3077 203 3140 ef.
216 3101 242 3141 κ.
264 3075 292 3140 δ.
313 3077 339 3140 V
363 3075 466 3160 (Diog.
482 3077 513 3140 L.
534 3077 666 3159 X140):
690 3078 749 3143 ουίι
771 3081 861 3142 ἔστιν
883 3078 982 3158 ἡδέως
1005 3082 1060 3164 ζῆν
1083 3074 1165 3142 dioec
1187 3080 1247 3141 τοῦ

68 3180 242 3259 φρονίμως
271 3175 325 3238 καὶ
352 3174 456 3248 καλῶς
486 3176 540 3238 καὶ
575 3178 706 3252 δικαίως
734 3177 838 3262 (οὐδὲ
872 3184 1035 3262 φρονίμως
1066 3179 1120 3241 καὶ
1142 3178 1248 3252 καλοῖς

65 3276 127 3339 καὶ
152 3276 308 3358 δικαίως)
336 3271 419 3338 ἄνευ
438 3278 497 3338 τοῦ
520 3275 629 3359 ἡδέως.
673 3275 739 3359 ὅτῳ
770 3279 799 3341 δ’
822 3281 857 3342 ἓν
877 3278 1003 3343 τούτων
1022 3279 1068 3364 μή
1091 3276 1243 3359 ὑπάρχει,

67 3367 141 3439 οἷον
164 3379 222 3460 ζῆν
251 3379 424 3458 φρονίμως,
456 3376 511 3438 καί
542 3376 646 3452 καλῶς
678 3379 732 3440 καὶ
761 3378 891 3454 δικαίως
912 3377 1067 3460 ὑπάρχει,
1097 3377 1155 3442 urin
1176 3380 1247 3442 ἔστι

66 3479 190 3540 τοῦτον
209 3475 311 3559 ἡδέως
333 3478 398 3560 ζῆν.

156 3577 274 3641 Versus
297 3577 474 3661 fragmenti,
500 3575 555 3660 qui
578 3586 761 3660 sequuntur,
785 3579 868 3643 nihil
889 3581 928 3644 ad
950 3601 1006 3644 nos
1018 3579 1186 3666 pertinent,
1211 3585 1246 3643 ut

67 3678 108 3741 ad
131 3675 274 3740 eiusdem
297 3684 405 3762 poetae
431 3679 639 3759 fragmentum
662 3678 681 3742 3
704 3677 804 3760 (Kock
829 3680 876 3743 111
898 3701 966 3764 pag.
980 3676 1056 3760 327)
1080 3679 1243 3764 procedere

69 3777 238 3863 possimus,
260 3777 314 3841 ubi
338 3778 467 3842 eandem
491 3777 664 3842 doctrinam
680 3779 772 3863 paulo
790 3778 918 3863 quidem
933 3779 1086 3844 obtectam
1104 3787 1243 3843 attamen

68 3879 149 3942 satis
172 3877 366 3963 perspicuam
389 3877 585 3941 invenimus:

283 3971 345 4034 ἐξὸν
363 3971 476 4045 γυναῖκ’
496 3975 594 4047 ἔχοντα
614 3981 801 4028 κατακεῖσθαι
822 3973 909 4048 καλὴν

283 4064 331 4116 καί
348 4062 467 4132 Λεσβίου
482 4061 597 4164 {capide
616 4063 769 4133 λαμβάνειν
785 4057 843 4115 δύο·

283 4142 297 4201 o‘
316 4149 453 4223 φρόνιμος
471 4150 550 4207 σοτάς
568 4145 636 4215 ἐστι,
655 4147 737 4201 τοῦτο
757 4143 893 4218 τάγαθόν.
909 4147 937 4216 ¹).

145 4283 171 4352 1)
192 4269 296 4338 Kaibeli
316 4289 494 4340 coniecturam
515 4299 619 4352 sequor.
