3140 5068
550 479 753 544 -]3..

143 656 188 722 Cf.
213 677 259 743 ep.
283 657 330 723 Ill
357 660 430 725 124:
465 664 622 739 Σονεθιζε
645 659 683 723 δὲ
716 659 752 720 ἐν
783 660 828 740 τῷ
850 659 991 738 νομίζειν
1012 655 1115 738 μηδὲν
1149 653 1232 734 πρδς

48 755 143 840 ἡμᾶς
175 746 259 819 εἶναι
290 757 348 820 ιδν
382 756 545 822 θάνατον.
600 760 674 823 ἐπεὶ
710 763 781 822 πᾶν
813 755 946 838 οἷγαθδν
977 755 1031 819 καὶ
1064 754 1164 817 κακδν
1195 753 1230 816 ἐν

50 851 226 942 αἰσθήσει·
279 865 427 940 στέρησις
459 858 497 921 δὲ
530 859 624 946 ἐστὶν
661 854 853 943 αἰσθήσεως
885 855 904 919 o‘
938 854 1093 928 θάνατος.
1149 848 1233 919 ὅθεν

52 958 173 1034 γνῶσις
194 956 282 1040 ὀρθή
306 960 366 1020 cori
387 959 491 1042 μηδὲν
513 950 597 1024 εἶναι
619 959 700 1041 πρδς
721 959 808 1043 ἡμᾶς
831 959 888 1021 ιδν
912 958 1063 1020 θάνατον
1085 954 1232 1022 α’πολαυ·

53 1057 140 1118 σιδν
173 1061 264 1119 ποιεῖ
292 1059 332 1120 εδ
363 1061 420 1142 τῆς
454 1061 532 1144 ζωῆς
566 1061 711 1141 θνητόν,
745 1059 804 1122 οιῗκ
834 1057 972 1140 ἄπειρον
1006 1061 1232 1139 προστιθεῖσα

52 1153 175 1237 χρόνοι·
197 1156 283 1220 α’λλοὲ
306 1159 366 1220 edu
385 1162 442 1233 τδς
463 1159 654 1234 α’θανασιάς
675 1160 862 1244 ἀφελομένη
884 1157 1007 1222 πόθον.
1051 1157 1149 1244 οὐδὲν
1170 1154 1232 1239 γάρ

54 1257 150 1319 ἐστιν
183 1256 219 1318 ἐν
250 1261 296 1339 τῷ
329 1261 385 1336 ζδν
428 1261 537 1323 δεινδν
575 1264 621 1342 νῷ
652 1261 860 1345 κατειληφότι
893 1264 1030 1342 γνησίως
1059 1257 1097 1322 νδ
1129 1260 1233 1342 μηδὲν

52 1353 220 1439 ὑπάρχειν
243 1360 278 1422 ἐν
299 1364 345 1442 τῷ
366 1361 412 1447 μή
434 1364 490 1449 ζῆν
505 1360 622 1428 δεινόν,
668 1359 909 1444 δι’σνεζμοὶεαιος
931 1360 950 1425 δ
972 1359 1071 1444 λέγων
1090 1362 1232 1424 δεδιέναι

53 1457 118 1519 adv
134 1457 286 1524 θάνατον
315 1461 373 1544 οὐχ
395 1461 446 1528 ὅτι
475 1464 616 1548 λυπήσει
639 1459 769 1544 παρών,
804 1462 874 1527 α’λλ’
896 1460 947 1527 ὅτι
968 1463 1071 1526 λυπεῖ
1087 1463 1223 1544 μέλλων.

54 1564 77 1633 ὅ
108 1569 170 1650 γαρ
201 1564 311 1648 παρδν
343 1564 400 1629 οὐκ
430 1565 570 1646 ἐνοχλεῖ,
604 1562 879 1646 προσδοκώμενον
911 1569 1010 1639 κενῶς
1040 1565 1148 1632 λυπεῖ.
1190 1583 1233 1629 το,

55 1667 326 1752 φρικωδέστατον
358 1655 416 1731 οὖν
446 1669 512 1729 τῶν
531 1669 638 1728 κακῶν
669 1665 686 1727 δ
718 1666 865 1739 θάνατος
897 1664 995 1728 οδδὲν
1025 1667 1107 1746 πρδς
1134 1667 1221 1752 ἡμᾶς

55 1764 243 1852 ἐπειδήπερ
265 1763 346 1829 ὅταν
366 1771 428 1847 μὲν
451 1767 542 1848 ἡμεῖς
563 1755 659 1846 ολμεν,
684 1764 702 1827 δ
726 1765 873 1838 θοὶναεος
890 1765 929 1827 ου’
945 1763 1115 1846 πάρεστιν·
1152 1763 1233 1830 ὅταν

55 1869 87 1931 δ’
111 1867 130 1931 o‘
150 1867 300 1940 θοὶναιος
323 1869 421 1950 παρῇ,
444 1865 521 1929 τόθ’
542 1866 635 1947 ν’·μεΐς
655 1864 713 1928 ουίι
735 1865 845 1945 ἐσμεν.
889 1861 965 1928 οὔτε
982 1856 1041 1930 οὖν
1060 1867 1142 1948 πρδς
1158 1868 1233 1941 εοδς

56 1961 345 2048 τετελευτηκότας,
379 1966 559 2046 ἐπειδδπερ
589 1965 664 2046 περὶ
694 1963 747 2038 οὓς
768 1970 830 2046 μὲν
857 1965 916 2028 ου’κ
941 1968 1046 2044 ἔστιν,
1079 1967 1112 2030 οἳ
1131 1967 1162 2030 δ’
1182 1968 1234 2032 ου’-

56 2076 129 2131 ιιέτι
151 2065 244 2130 εἰσίν.
288 2065 364 2130 Ἀλλ’
394 2064 425 2128 οἱ
444 2065 560 2129 πολλοὶ
589 2066 647 2127 cdi·
679 2062 831 2129 θάνατον
854 2066 993 2146 ὁτὲμὲν
1016 2069 1232 2149 ιδςμέγιστον

54 2172 127 2230 τῶν
155 2169 262 2229 κακῶν
293 2163 484 2248 φεύγουσιν,
517 2165 572 2227 διδ
603 2166 640 2227 δὲ
670 2164 710 2238 οἷς
738 2162 932 2229 ἀνάπαυσιν
955 2170 1020 2229 τῶν
1046 2168 1081 2229 ἐν
1109 2170 1156 2248 τῷ
1178 2171 1234 2250 ζῆν

53 2267 191 2350 <araneis
227 2264 404 2347 αἱροῦνται.
456 2266 474 2328 d
513 2266 550 2328 δὲ
582 2265 685 2348 σοφδς
726 2261 802 2329 οὔτε
836 2270 1045 2346 παραιτεῖται
1078 2268 1115 2330 ιδ
1155 2268 1234 2352 ζῆν)

56 2363 139 2431 οὔτε
163 2371 316 2450 φοβεῖται
336 2367 374 2428 νδ
396 2366 442 2450 μή
465 2370 530 2452 ζῆν.
575 2361 651 2429 οὔτε
679 2367 740 2447 yolo
762 2366 852 2448 αδιρῖ
874 2371 1096 2448 προσίσταται
1116 2367 1154 2429 vd
1177 2370 1233 2445 ζδν

56 2465 136 2532 οὔτε
159 2467 331 2544 δοξάζεται
349 2468 449 2529 κακδν
471 2457 560 2529 εἶναι’
579 2489 610 2530 τι
631 2467 670 2530 νδ
691 2467 736 2548 με]
760 2469 825 2548 ζῆν.

144 2569 231 2632 Idem
250 2569 287 2632 de
298 2576 396 2634 morte
408 2568 560 2632 iudicium
575 2568 696 2652 Captiv.
709 2589 737 2631 ν.
751 2570 808 2632 741
834 2568 997 2650 Tyndarus
1020 2587 1128 2630 servus
1152 2566 1234 2642 lacit,

57 2690 155 2752 quem
178 2668 379 2752 compedibus
404 2669 545 2732 vinctum
570 2668 602 2731 in
627 2667 813 2752 lapicidinas
837 2669 922 2731 mitti
945 2667 1030 2730 iubet
1056 2665 1168 2748 Hegio:

200 2769 254 2820 Gur
273 2785 321 2835 ego
340 2773 367 2820 te
386 2766 526 2836 (Hegione)
546 2768 628 2820 invito
650 2785 690 2820 me
708 2785 766 2820 esse
786 2768 886 2820 salvom
906 2767 1057 2836 postulem?

201 2854 331 2906 Periclum
351 2855 421 2907 vitae
440 2871 512 2907 meae
531 2860 577 2907 tuo
597 2860 650 2907 stat
670 2855 795 2924 periculo.

201 2941 265 2994 Post
280 2947 387 2995 mortem
407 2943 434 2994 in
455 2942 593 2994 morteuil
613 2942 742 3010 estquod
763 2946 876 2992 metrram
898 2941 967 2993 mati.

202 3029 234 3081 llt
253 3030 275 3082 si
296 3030 402 3097 pervivo
421 3029 557 3097 usquead
578 3045 705 3081 summam
727 3033 849 3083 aetatem.
870 3032 958 3080 tamen

204 3116 285 3168 Breve
305 3117 447 3184 spatiumst
467 3115 628 3184 perferundi,
647 3131 714 3183 quae
734 3115 841 3166 minitas
861 3114 933 3166 mibi.

59 3203 184 3266 llirerit
219 3208 345 3266 tortasse
367 3202 524 3287 quispiam
548 3202 642 3265 etiam
667 3201 798 3284 Cynicos
829 3221 941 3284 eosque
972 3207 1092 3263 secutos
1115 3197 1233 3262 Stoicos

60 3311 194 3366 mortem
219 3303 451 3387 contempsisse,
476 3310 510 3365 ut
533 3323 568 3365 ex
584 3303 694 3365 horum
714 3300 882 3386 disciplina
899 3301 954 3364 boc
970 3300 1087 3364 (lictum
1107 3301 1233 3364 lluxisse

58 3403 146 3466 credi
179 3410 288 3486 posset.
335 3403 464 3466 Mortem
494 3425 555 3466 non
585 3424 651 3466 esse
686 3402 802 3465 malum
834 3401 881 3463 illi
912 3421 1033 3483 quoque
1057 3400 1231 3484 philosophi

58 3503 117 3565 etsi
137 3523 211 3566 sane
230 3502 457 3583 iudicaverunt,
481 3511 584 3567 tamen
600 3503 636 3566 ad
651 3497 822 3565 Stoicorum
843 3505 956 3564 iontem
972 3500 1055 3564 locus
1070 3500 1232 3562 Plautinus

59 3604 123 3666 iam
151 3602 206 3665 bac
229 3603 266 3665 de
289 3624 380 3665 causa
397 3603 529 3666 minime
544 3610 645 3687 potest
665 3602 816 3678 recedere,
841 3601 921 3684 quod
942 3600 1015 3662 lraoc
1029 3608 1111 3663 secta
1135 3601 1231 3663 vitam

59 3723 127 3765 esso
153 3710 221 3787 post
251 3709 380 3765 mortem
407 3703 623 3781 existimabat,
653 3701 684 3764 in
708 3721 768 3784 qua
790 3699 914 3762 animae
940 3699 1088 3762 malorum
1116 3700 1231 3783 poenis,

61 3803 212 3866 bonorum
235 3802 382 3886 praemiis
413 3804 619 3866 allicerentur.
664 3802 793 3863 Restant
817 3799 935 3884 Cynici.
980 3799 1038 3862 Sed
1072 3822 1110 3861 ne
1132 3800 1169 3862 de
1194 3799 1233 3862 iis

60 3903 191 3985 quidem
215 3902 430 3986 cogitabimus.
476 3904 541 3966 lam
565 3923 658 3986 supra
678 3900 761 3964 enim
782 3900 919 3963 vidimus
935 3900 966 3962 in
985 3899 1119 3983 epistula
1141 3899 1232 3961 tertia

59 4011 193 4066 mortem
220 4001 262 4065 nil
286 4003 325 4065 ad
349 4023 403 4066 nos
427 4003 581 4086 pertinere
606 4011 753 4086 perpetuo
776 4009 913 4083 repetere
940 3999 1124 4082 Epicurum,
1158 4018 1234 4081 quas

58 4101 229 4188 epistulas,
262 4109 297 4164 ut
319 4125 337 4165 a
360 4102 524 4186 discipulis
547 4102 777 4180 ediscerentur,
808 4122 826 4162 a
856 4099 1003 4179 magistro
1026 4098 1143 4161 scimus
1166 4118 1232 4159 esse

58 4201 260 4286 conscriptae.
306 4201 398 4265 Omni
427 4201 516 4265 modo
547 4199 641 4282 igitur
671 4201 750 4264 lianc
779 4199 966 4262 sententiam
999 4197 1162 4281 discipulis
1187 4197 1232 4260 in-

58 4303 183 4366 culcare
214 4303 358 4368 studebat
380 4304 543 4387 Epicurus.
597 4301 701 4384 Atque
722 4300 815 4362 etiam
848 4299 1057 4362 arbitrabatur
1087 4297 1246 4361 nonnisi
