3140 5068
550 465 589 476 ..
630 431 671 497 59
713 467 755 477 ..

49 610 179 674 deinde
201 609 365 676 Phronesii
386 611 483 676 verba
501 612 629 676 Trucul.
652 635 681 676 v.
704 609 782 677 885:

50 796 211 860 Proxime
238 806 345 861 autem
375 798 414 862 ad
444 798 645 883 proverbium
678 799 785 884 ipsum
811 796 932 863 accedit
953 797 1077 862 Curcnl.
1109 820 1138 862 v.
1160 798 1232 875 334,

48 896 116 960 nbi
149 895 184 959 in
216 897 382 961 ridiculam
406 905 526 983 partem
560 898 592 961 id
622 907 756 962 tractum
780 898 933 963 videmus.
976 897 1122 976 ¹Curculio
1143 919 1231 984 pera-

48 997 141 1060 situs
163 1019 183 1060 a
204 997 395 1062 Phaedromo
418 998 451 1061 in
473 997 597 1062 Cariam
620 998 744 1068 missus.
775 999 859 1063 unde
878 998 919 1062 ab
940 997 1040 1062 amico
1061 1007 1232 1062 accesserat

47 1105 238 1178 argentum,
262 1096 338 1181 quid
361 1096 536 1182 profecerit,
561 1107 682 1162 narrat:

202 1195 346 1265 Postquam
366 1203 412 1249 tuo
430 1197 506 1250 iussu
525 1197 660 1266 protectus
678 1214 746 1262 sum,
768 1197 875 1266 perveni
895 1197 924 1249 in
943 1195 1062 1249 Cariam:

202 1282 286 1335 Video
305 1289 378 1336 tuom
395 1282 522 1349 sodalem,
540 1285 643 1351 argenti
663 1299 726 1352 rogo
745 1289 775 1336 ut
792 1283 874 1336 faciat
892 1283 1003 1351 copiam.

203 1370 291 1424 Scires
311 1369 377 1422 velle
395 1371 507 1438 gretiam
527 1376 615 1423 tuam:
640 1369 727 1422 noluit
745 1370 891 1436 frustarier,

203 1455 238 1508 ut
256 1456 333 1509 decet
350 1456 418 1509 velle
433 1456 565 1510 bominem
585 1457 698 1509 amicum
718 1459 802 1510 amico
821 1462 900 1527 atque
919 1458 1090 1528 opitularier:

201 1542 350 1611 Respondit
369 1543 434 1595 mibi
453 1545 546 1613 paucis
565 1543 653 1596 verbis
672 1549 752 1612 atque
772 1545 838 1597 adeo
857 1543 979 1611 fideliter,

201 1627 277 1690 Quod
296 1629 372 1682 tibist
389 1630 451 1681 item
471 1630 522 1683 sibi
542 1645 609 1696 esse,
629 1645 750 1698 magnam
770 1631 873 1698 argenti
892 1631 1017 1700 inopiam.

141 1715 324 1780 Trinummi
345 1738 375 1781 v.
398 1716 437 1781 57
460 1715 692 1798 Megaronides,
725 1737 801 1780 num
825 1716 928 1782 valeat
949 1739 1043 1799 uxor,
1065 1717 1228 1782 Calliclem

51 1817 241 1897 interrogat.
302 1822 366 1874 Plus
400 1838 478 1890 quam
513 1840 562 1892 ego
597 1823 672 1887 volo,
706 1818 871 1901 respondet
908 1818 976 1898 hic;
1016 1816 1228 1902 Megaronides

49 1927 167 1980 autem
188 1915 305 2000 pergit:

270 2015 342 2069 Bene
360 2016 474 2070 herclest
492 2017 564 2071 illam
583 2019 633 2072 tibi
652 2019 739 2072 valere
756 2024 783 2072 ct
800 2020 896 2073 rivere.

51 2105 139 2168 Eum
164 2102 323 2188 vituperat
343 2104 482 2168 amicus:

269 2201 353 2255 Credo
373 2203 460 2257 berole
478 2210 504 2258 te
524 2205 648 2274 gaudere,
667 2207 754 2275 siquid
773 2209 838 2261 mibi
857 2207 954 2261 melist

52 2308 140 2370 Tum
166 2306 397 2389 Megaronides:

270 2405 398 2459 Omnibus
417 2408 509 2460 amicis
528 2408 598 2476 quod
618 2409 709 2462 mihist
726 2411 805 2479 cupio
824 2426 883 2463 esse
902 2411 979 2464 idem.

144 2492 250 2556 Amici
272 2513 339 2557 esse
358 2495 495 2559 amicum
517 2494 667 2560 adiuvare
686 2497 780 2560 etiam
799 2497 953 2582 Lysiteles
969 2496 1130 2563 contendit
1146 2496 1229 2560 eins·

53 2593 129 2656 dem
153 2592 276 2656 fabulae
298 2615 328 2656 v.
350 2595 412 2658 345
434 2615 497 2679 sq.:

198 2691 300 2760 Edepol
319 2692 397 2746 deum
414 2695 512 2747 virtute
531 2694 626 2761 dicam,
646 2701 728 2764 pater,
747 2702 774 2749 et
793 2697 919 2749 maiomam
939 2703 966 2750 et
983 2703 1031 2750 tue

198 2776 286 2830 Multa
305 2780 374 2832 bona
393 2781 459 2833 bene
478 2787 556 2850 parta
574 2781 717 2835 babemus:
739 2784 806 2836 bene
824 2785 848 2836 si
867 2785 951 2836 amico
970 2783 1074 2849 leceris,

202 2864 241 2915 Me
260 2865 351 2933 pigeat
368 2866 478 2920 iecisse:
506 2871 536 2919 ut
554 2868 643 2936 potius
663 2868 771 2938 pudeat,
791 2870 813 2922 si
832 2886 887 2922 non
904 2870 1008 2924 feceris.

55 2953 159 3026 Quam
193 2950 307 3014 acriter
338 2961 444 3016 antem
477 2954 510 3018 in
549 2955 705 3019 sententia
736 2976 793 3019 sna
825 2973 1005 3041 permaneat
1036 2958 1228 3036 adulescens,

55 3051 176 3135 optime
196 3071 214 3113 e
244 3051 387 3116 versibus
410 3053 470 3117 712
492 3075 536 3137 sq.
566 3055 796 3137 cognoscimus,
828 3058 942 3142 quibus
966 3079 1038 3124 cum
1059 3060 1228 3127 Lesbonico

54 3152 158 3215 amico
181 3150 385 3234 colloquitur:

126 3255 170 3308 Nil
190 3273 249 3324 ego,
273 3250 387 3335 inquit,
412 3256 562 3311 inocculto
581 3273 660 3325 agere
678 3257 765 3311 soleo:
785 3275 859 3312 meus
878 3265 907 3312 ut
926 3261 1044 3316 animust
1062 3261 1187 3329 eloquar:

126 3349 155 3402 Si
176 3349 241 3400 mibi
259 3355 306 3402 tna
325 3367 407 3418 soror,
429 3357 460 3404 ut
480 3368 530 3420 ego
549 3367 660 3420 aequom
679 3368 783 3418 censeo,
802 3353 840 3405 ita
857 3361 971 3423 nuptum
990 3356 1069 3409 datur

127 3435 191 3488 Sine
211 3434 273 3488 dote
291 3453 378 3506 neque
397 3444 427 3491 tn
446 3439 508 3492 binc
526 3436 665 3504 abituru’s,
686 3439 755 3506 qnod
776 3456 861 3492 meum
882 3443 940 3503 erit.
959 3443 987 3495 id
1007 3445 1057 3496 erit
1075 3449 1163 3498 tuom:

126 3522 175 3575 Sin
194 3522 272 3575 aliter
293 3525 426 3578 animatus
446 3541 483 3590 es,
502 3553 535 3562 -
553 3525 620 3578 bene
639 3525 708 3593 quod
729 3542 793 3594 agas
812 3527 918 3580 eveniat
932 3529 997 3582 tibi:

126 3608 182 3676 Ego
202 3611 304 3662 amicus
324 3627 468 3680 numquam
487 3613 536 3664 tibi
556 3627 600 3665 ero
620 3611 672 3664 alio
692 3617 783 3680 pacto:
809 3615 849 3667 sic
869 3617 1035 3670 sententiast.

140 3696 235 3760 Porro
258 3718 296 3760 ne
319 3699 606 3782 praetermittamus
628 3700 740 3764 Persae
761 3722 790 3764 v.
814 3701 892 3765 513:

215 3797 276 3849 Tibi
294 3797 392 3850 ibidem
412 3798 469 3866 das,
489 3799 535 3851 ubi
554 3804 584 3852 tu
602 3807 674 3852 tuom
694 3801 807 3853 amicum
826 3801 946 3854 adiuves.

59 3890 198 3964 Quocum
220 3890 329 3954 statim
352 3890 598 3976 Peripleoomeni
622 3893 717 3957 verba
744 3897 938 3959 conteramus
961 3896 1027 3960 Mil.
1049 3920 1079 3961 v.
1102 3899 1179 3965 673:

143 3990 210 4042 Nam
229 3990 259 4041 in
277 3989 346 4043 mala
364 4007 446 4044 uxore
465 3996 545 4060 atque
565 3993 671 4046 inimico
690 3993 778 4061 siquid
798 4011 895 4061 sumas,
914 4002 1036 4064 sumptus
1054 4004 1109 4051 est:

144 4076 175 4128 ln
194 4077 266 4128 bono
285 4076 391 4145 hospite
409 4083 489 4146 atque
508 4079 592 4131 amico
611 4084 738 4148 quaestus
757 4081 887 4150 estquod
906 4084 1026 4138 sumitur.

139 4163 204 4227 Neo
227 4183 290 4226 non
313 4163 426 4228 Persae
447 4186 476 4228 v.
500 4165 560 4230 655
583 4164 644 4230 buc
664 4165 818 4251 pertinet:

229 4260 297 4314 Nam
315 4263 367 4316 etsi
386 4279 428 4316 res
446 4269 510 4318 sunt
526 4264 634 4332 nactae,
653 4266 731 4318 amici
750 4272 813 4320 sunt
831 4271 927 4322 tamen.
