3140 5068
555 423 759 486 ..47-

151 604 261 688 ltaque
282 625 343 668 non
366 601 468 668 solum
489 603 555 690 ipse
571 602 686 667 multos
700 602 817 666 amicos
834 621 957 686 semper
972 621 1077 666 secum
1094 601 1237 683 babebat,

54 703 255 786 quibuscum
273 702 512 768 concordissime
528 702 663 782 vivebat,
679 700 702 782 ¹)
719 702 892 779 sedetiam,
916 700 1059 786 quamvis
1076 701 1108 764 in
1125 701 1237 766 ceteris

55 804 161 867 rebus
189 803 295 868 omnia
316 803 354 866 ad
377 825 469 867 suum
495 803 608 866 bonum
630 810 724 887 atque
745 802 784 866 ad
814 822 903 866 suam
927 801 1097 866 utilitatem
1121 803 1235 864 reterre

56 903 198 984 soleret,
229 923 284 988 pro
312 902 422 966 amicis
449 901 603 966 maximos
632 901 846 987 suscipiendos
868 921 935 964 esee
964 900 1128 981 labeneste,
1157 902 1234 985 quin

59 1004 166 1067 etiam
197 1001 429 1083 moriendum³l
462 1001 592 1066 censuit.
636 1002 788 1087 Epicurus
820 1001 917 1083 igitur
941 1001 972 1065 in
1001 1000 1142 1066 amicitia
1172 1001 1236 1065 lau-

60 1104 172 1168 dande
193 1103 411 1188 Peripateticis
435 1123 494 1166 non
517 1101 620 1176 cessit
644 1101 764 1186 quade
788 1123 889 1182 causa,
911 1109 980 1165 utro
1001 1122 1040 1165 ex
1061 1104 1145 1166 sonte
1167 1101 1237 1182 loci,

60 1204 124 1287 qui
148 1202 182 1267 in
206 1203 373 1268 comoediis
391 1211 524 1268 exstant.
548 1201 704 1280 fluxerint,
728 1201 903 1265 discernere
927 1223 987 1265 non
1010 1202 1117 1334 audeo.
1159 1201 1238 1306 Sunt

60 1311 177 1370 autem
200 1302 251 1368 hi:

153 1402 564 1485 Menandrifrgm.1.28v
590 1399 832 1514 15-1tileclr
855 1401 902 1465 lll
925 1422 991 1486 pag.
1014 1402 1084 1478 38):

280 1501 370 1574 πολλῷ
387 1499 417 1554 δὲ
437 1495 595 1602 apciocdr'
581 1517 658 1553 εστιν
676 1494 803 1571 ἐμφανὴς
822 1499 901 1566 φίλος

281 1608 297 1660 η
287 1582 471 1647 πλοῦτος’
453 1589 568 1657 aparte,
588 1579 621 1638 ὅν
638 1604 671 1638 συ
689 1583 879 1658 κατορύξας
863 1603 946 1658 spots.

61 1678 222 1744 Eiusdem
244 1679 334 1760 frgm.
356 1675 415 1740 331
438 1674 536 1755 (ΚουΙι
560 1673 607 1739 lll
629 1695 698 1758 pag.
722 1675 813 1748 nat:

282 1769 353 1828 oolam
372 1776 511 1827 ποθεινόν
528 1772 605 1827 ἐστιν
623 1766 781 1844 ὁμότροπος
800 1773 887 1839 φίλος.
937 1812 940 1818 .

63 1865 111 1929 Et
133 1867 224 1946 frgm.
247 1864 309 1928 554
331 1860 429 1945 (chlr
453 1862 499 1926 ΙΙΙ
521 1881 589 1947 pag.
613 1859 702 1941 169)ι

282 1963 331 2014 οὐκ
351 1957 382 2015 ἐκ
400 1957 494 2014 πότων
511 1959 558 2012 καί
578 1957 626 2030 τῆς
643 1953 711 2011 καθ’
733 1953 841 2030 ἡμέραν
860 1954 966 2029 τρυφῆς

286 2045 423 2120 ζητοῦμεν
441 2033 463 2120 ᾧ
481 2038 669 2116 πιστεύσομεν
688 2039 721 2097 τὰ
740 2041 790 2096 τοῦ
807 2045 880 2108 βίου,

284 2134 388 2206 adram
408 2127 442 2186 ori
459 2126 593 2204 περιττὸν
612 2125 680 2184 οἴετ’
699 2127 879 2202 ἐξευρηκέναι

284 2214 397 2289 ἀγαθὸν
415 2217 537 2286 ἕκαστος,
556 2214 592 2270 ἄν
614 2215 662 2292 ἔχῃ
680 2217 762 2284 φίλου
781 2218 875 2279 σταίη

67 2313 170 2376 Porro
192 2307 275 2393 apud
297 2307 443 2371 Plautum
467 2305 587 2392 Epidio.
610 2327 640 2369 v.
662 2306 723 2370 423
746 2305 936 2389 Periphanes
957 2302 1128 2367 exclamat:
1227 2347 1230 2356 -

283 2406 326 2460 Nil
345 2407 445 2460 homini
465 2406 575 2460 amicost
593 2414 744 2474 opportuno
764 2405 883 2457 amicius.

67 2499 113 2563 Et
125 2493 271 2560 Bacchid.
294 2515 323 2558 v.
339 2493 402 2558 384
419 2491 647 2558 Menesiloohus
670 2491 852 2556 adulescens
875 2489 1048 2555 amicitiam
1066 2488 1240 2576 praedicet:

145 2593 307 2647 Multimodis
332 2593 475 2646 meditatus
493 2595 596 2660 egomet
615 2608 715 2645 mecum
735 2607 793 2644 sum
815 2595 842 2643 et
860 2591 898 2643 ita
916 2605 974 2642 esse
993 2589 1120 2659 arbitror:

146 2680 251 2735 llomiui
270 2681 354 2732 amico
374 2681 446 2748 quiet
465 2679 566 2731 amicus
584 2677 622 2730 ita
640 2678 679 2730 uti
698 2694 794 2730 nomeu
813 2677 932 2746 possidet

147 2767 203 2820 Nisi
225 2766 288 2819 deos
308 2766 332 2819 ei
351 2765 388 2818 nil
409 2768 560 2834 praestare:
580 2764 605 2817 id
626 2781 706 2834 opera
725 2769 849 2834 expertus
869 2780 926 2816 sum
946 2778 1004 2815 essa
1023 2762 1069 2814 ita.

68 2856 137 2920 Sed
161 2874 350 2938 quamquam
379 2851 554 2916 amicitiam
583 2852 621 2916 ad
651 2853 750 2916 vitam
774 2851 910 2916 maximo
940 2869 1006 2913 esse
1035 2844 1240 2912 necessariam

67 2955 304 3022 contendebant
325 2952 538 3038 Peripatetici,
562 2960 667 3016 tamen
688 2952 726 3016 de
747 2950 951 3015 multitudiue
973 2947 1144 3012 amicorum
1169 2965 1239 3009 con-

69 3055 300 3140 quireudorum
321 3053 412 3137 longe
436 3052 527 3116 aliter
542 3051 722 3117 iudicabant
742 3060 836 3134 atque
853 3059 972 3114 ceterae
988 3045 1244 3133 philosophorum

69 3164 188 3220 sectae.
210 3153 363 3240 Epicurus
381 3174 475 3238 quem
493 3151 645 3238 plurimos
661 3151 722 3216 eibi
737 3149 922 3215 conciliabat
934 3147 1050 3212 amicos
1061 3143 1084 3225 ¹)
1101 3152 1131 3208 ct
1149 3143 1245 3208 etiam

70 3253 173 3321 Stoici
197 3252 395 3336 πολυφιλίαν
415 3253 683 3319 commendabant.
783 3239 785 3244 ⁵
1230 3245 1232 3252 '

162 3355 207 3419 Of.
224 3353 313 3438 Diog.
331 3353 364 3418 L.
384 3353 445 3418 VII
465 3355 538 3418 124:
569 3351 610 3415 δι’
630 3350 733 3414 αὐτόν
756 3349 791 3412 c’
811 3344 943 3430 dipsade·
963 3346 1021 3409 τόν
1044 3343 1139 3427 φίλου
1160 3341 1243 3404 α’πο-

72 3457 255 3539 φαίιΗοιται
275 3449 319 3535 (οἱ
339 3452 480 3534 Στυικοί)
502 3451 555 3514 καὶ
578 3452 639 3534 τήν
658 3448 857 3532 πολυφιλίαν
879 3445 1022 3559 αγαθιίι.

162 3555 275 3618 Contra
301 3552 518 3638 Peripateticis
549 3552 639 3638 pauci
671 3549 868 3616 sufficiebant
855 3545 1008 3622 tamici
1047 3565 1108 3632 qua
1143 3541 1181 3605 de
1213 3561 1245 3603 re

71 3653 264 3719 Aristoteles
292 3653 363 3718 lltb
396 3653 463 3719 Nic.
487 3653 532 3718 lX
564 3653 601 3717 10
632 3649 806 3717 accuratius
839 3648 997 3732 disputat:
1024 3634 1089 3724 Αρ’
1118 3663 1177 3704 ουιΙ
1207 3636 1249 3713 ὥς

73 3754 254 3827 πλείστους
278 3752 390 3835 φίλους
411 3748 615 3837 nocerentur}
635 3748 793 3829 sedeloco
815 3746 872 3809 ἐπὶ
896 3747 951 3830 τῆς
973 3748 1044 3820 ξειί
1043 3765 1080 3816 ας
1101 3738 1247 3828 ἐμμελῶς

73 3854 236 3938 εἰρῆσθαι
256 3852 348 3916 δοκεῖ

347 3949 421 4024 μήτε
438 3944 601 4011 πολύξεινος
618 3945 685 4023 μήτ’
704 3946 821 4050 diceros,

152 4081 235 4150 1)(16.
258 4081 312 4136 660.
332 4081 357 4135 d.
376 4081 395 4134 6.
412 4081 484 4134 165.

149 4169 180 4234 2)
199 4167 239 4222 ct.
258 4169 334 4236 irum.
353 4169 404 4223 546
423 4167 503 4236 (Plut.
524 4165 582 4218 adu.
601 4163 685 4217 Golot.
704 4161 728 4215 8.
748 4161 785 4230 λ).

149 4255 179 4324 3)
196 4253 235 4308 cf.
252 4255 329 4324 irgm.
350 4253 402 4309 590
419 4255 506 4324 (Diog.
525 4251 555 4304 L.
573 4249 612 4303 lX
633 4247 701 4318 121).
