3140 5068
531 468 738 533 ..33-

122 641 157 704 A
182 660 242 723 quo
272 662 332 706 non
355 643 525 728 discrepat,
559 647 639 729 quod
667 649 833 715 Palinurus
863 651 988 719 domine
1019 657 1130 740 probro
1162 660 1217 725 dat

29 737 168 803 Curcul.
189 762 218 803 v.
244 742 321 805 175:

147 839 288 894 Enimvero
309 859 411 912 nequeo
430 844 533 910 durare,
553 848 618 914 quin
639 864 687 916 ego
707 865 780 903 erum
803 866 923 905 accusem
944 870 1040 920 meum,

148 933 215 986 Nam
235 934 361 986 bonumst
379 933 525 1000 pauxillum
547 951 635 987 amare
652 951 724 999 sane,
743 937 836 990 insane
855 954 909 990 non
929 939 1069 994 bonamst:

145 1021 245 1073 Verum
265 1023 348 1072 totum
368 1019 491 1072 insanum
509 1036 596 1073 amare
615 1020 665 1074 hoc
684 1027 732 1087 est,
752 1023 823 1092 qnod
844 1041 917 1078 meus
937 1043 998 1080 erus
1016 1027 1088 1082 lacit.

122 1106 223 1171 Paulo
254 1114 326 1170 ante
357 1105 458 1170 animi
480 1107 743 1190 tranquillitatem
767 1112 1090 1195 commemoravimus,
1120 1137 1212 1200 quam

33 1207 191 1292 Epicurei
229 1227 352 1270 summo
393 1227 484 1290 opere
521 1206 689 1291 impetrare
729 1210 899 1276 studebant
929 1214 1035 1279 omnia
1068 1215 1213 1295 vitantes,

34 1309 160 1390 quibus
182 1306 308 1371 animus
334 1306 505 1370 excruciari
527 1316 639 1392 posset.
685 1309 741 1372 His
763 1320 868 1374 autern
890 1311 923 1374 in
945 1314 1037 1377 rebus
1059 1336 1129 1380 curn
1151 1315 1214 1380 alia

32 1416 106 1471 tum
140 1406 349 1471 conscientiae
383 1427 528 1489 angorem
563 1427 629 1471 esre
664 1409 891 1474 numerandum
926 1433 988 1476 non
1019 1412 1211 1495 ignorabant,

32 1529 136 1591 quem
161 1505 245 1570 omni
270 1513 408 1591 tempore
430 1505 580 1584 hominia,
612 1507 666 1590 qni
688 1507 876 1573 maleficium
900 1502 1122 1594 commisisset,
1145 1515 1212 1578 ani·

33 1630 128 1671 mum
171 1605 338 1670 sollicitare
369 1607 591 1672 existimabant
630 1617 660 1672 et
691 1629 814 1672 ornnem
844 1611 1085 1694 tranquillitatis
1123 1635 1211 1699 spem

33 1707 254 1793 praecludere,
278 1729 358 1785 curn,
379 1730 417 1772 ne
431 1710 527 1774 ceteri
542 1710 663 1774 lacinus
675 1708 886 1790 resciscerent,
902 1731 1024 1796 semper
1036 1705 1211 1797 periculum

32 1815 129 1872 esset.
178 1809 286 1893 ltaque
316 1831 378 1874 non
406 1809 558 1875 miramur
587 1810 667 1874 hano
699 1817 816 1873 sectam
838 1810 981 1875 stimulos
1004 1813 1211 1879 conscientiae

32 1919 190 1973 metuere.
1018 1971 1020 1976 .
1051 1935 1061 1976 q

122 2009 171 2072 cf.
204 2009 294 2090 frgm.
324 2007 385 2072 397
428 2006 505 2088 (Cic.
537 2007 575 2070 de
604 2006 691 2071 finib.
716 2008 731 2071 l
759 2006 832 2089 50):
876 2009 973 2088 Quem
1007 2005 1051 2074 ad
1083 2011 1210 2076 modurn

30 2111 200 2174 temeritas
234 2115 261 2171 et
291 2108 388 2172 libido
421 2115 448 2172 et
481 2109 612 2188 tanneia
641 2127 762 2192 semper
794 2110 939 2173 anianum
971 2113 1154 2177 excruciant
1182 2121 1211 2179 et

31 2231 162 2296 semper
181 2210 353 2274 sollicitant
373 2207 631 2294 turbulentaeque
645 2215 728 2286 sunt,
752 2210 797 2272 sic
809 2209 988 2294 inprobitas
1009 2212 1040 2275 si
1061 2213 1154 2276 cuius
1175 2215 1209 2277 in

31 2318 140 2374 mente
163 2310 309 2385 consedit,
331 2309 387 2374 boc
408 2311 475 2394 ipso
491 2309 573 2394 quod
588 2309 675 2372 adest
689 2308 870 2374 turbulenta
887 2317 937 2374 est.
970 2313 1001 2375 si
1014 2332 1085 2376 uero
1099 2313 1208 2378 molita
1272 2372 1274 2378 .

31 2411 203 2496 quippiam
225 2416 278 2488 est,
301 2410 444 2495 quamuis
466 2408 580 2472 occulte
600 2408 724 2490 fecerit,
754 2429 928 2490 numquam
952 2417 1056 2476 tumen
1077 2413 1112 2475 id
1134 2435 1208 2479 con·

28 2513 110 2594 pidet
131 2510 202 2592 sore
223 2530 345 2595 semper
365 2509 528 2574 occultum.
567 2511 753 2594 plerumque
770 2510 977 2590 inproborum
994 2511 1081 2593 [aaa
1098 2515 1207 2598 primo

30 2612 174 2696 suspicio
202 2611 398 2696 insequitur,
439 2609 513 2672 dein
544 2629 644 2673 ammo
675 2615 765 2694 atque
791 2609 900 2691 sumn,
933 2618 1000 2675 tum
1030 2622 1205 2693 accusator,

30 2720 100 2776 tum
124 2712 230 2776 iudea.
366 2710 447 2796 quod
476 2711 504 2773 ai
530 2710 585 2794 qui
610 2710 690 2772 sutis
719 2708 782 2772 sibi
809 2716 918 2775 contra
945 2711 1109 2776 bominum
1134 2736 1206 2778 con

30 2813 199 2877 scientiam
220 2811 320 2895 saepti
341 2829 408 2874 esse
429 2817 457 2873 et
476 2809 593 2872 muniti
607 2809 788 2892 videantur,
811 2811 941 2875 deorum
958 2819 1063 2878 tumen
1077 2812 1206 2878 horrent

31 2933 150 2993 easque
171 2913 260 2996 ipsus
278 2909 519 2988 sollicitudines,
542 2908 656 2990 quibus
671 2931 777 2974 eorum
796 2912 899 2974 animi
920 2914 1100 2994 „noctuque
1121 2913 1204 2978 dies-

31 3013 114 3100 que“
141 3012 331 3088 caeduntur,
354 3003 382 3072 ‘a
412 3010 464 3073 ais
492 3010 723 3074 immortalibus
750 3010 888 3094 supplici
916 3033 1013 3076 causa
1043 3013 1204 3099 inportari

29 3120 156 3199 portant.
200 3132 281 3192 quae
313 3117 415 3174 autern
447 3115 537 3173 tanta
569 3129 608 3172 ea
638 3111 780 3195 inprobis
809 3111 907 3193 factis
940 3112 983 3176 ad
1014 3114 1205 3178 minuendas

33 3217 118 3278 uitae
149 3213 305 3277 molestias
338 3213 469 3276 accessio
492 3216 595 3296 potest
625 3211 698 3288 sieri
729 3217 849 3292 quanta
878 3211 921 3275 ud
950 3213 1113 3294 aupendus
1135 3235 1204 3278 curn

33 3313 222 3378 consuentia
253 3313 413 3395 factorum
443 3320 509 3376 turn
533 3331 637 3396 poena
664 3311 764 3390 lupum
789 3311 920 3393 odioque
949 3313 1089 3376 nuum?
1112 3363 1200 3379 .....
1220 3317 1224 3328 “

34 3412 105 3495 (53)
127 3413 241 3494 ltaque
262 3434 323 3477 nou
340 3413 375 3476 ob
393 3433 430 3476 ea
445 3412 544 3476 solum
563 3412 771 3490 incommoda,
794 3432 873 3496 quae
889 3413 1036 3476 eveniunt
1049 3414 1201 3494 inprobis,

33 3513 222 3597 sapiendam
236 3513 463 3596 ”inprobitatem
483 3518 654 3597 putamus,
678 3512 733 3576 sed
754 3513 851 3576 multo
873 3513 964 3576 etiam
988 3514 1100 3597 mnpis,
1122 3515 1204 3598 quad

35 3615 125 3677 errius
146 3615 182 3678 in
205 3615 312 3677 animo
334 3620 493 3691 uersatur,
522 3633 698 3694 numquam
720 3612 798 3675 sinit
819 3632 889 3674 eum
910 3612 1088 3697 respirare,
1111 3633 1202 3675 rrum-

35 3736 129 3796 quam
153 3715 354 3800 neptriescere.

118 3815 197 3879 Ecce
226 3813 311 3878 idem
341 3820 536 3898 peccatorum
561 3833 599 3876 ex
620 3810 809 3880 conscientia
831 3811 926 3875 timor
957 3810 990 3874 in
1013 3809 1203 3874 Mostellaria

37 3916 183 3980 Tranioni
196 3915 344 3992 exoritur,
360 3913 414 3998 qai
428 3920 590 3996 postquam
603 3911 764 3976 dominum
777 3910 984 3974 audacissime
997 3909 1118 3984 fefellit,
1129 3910 1201 3985 iam,

38 4038 75 4078 ne
88 4016 189 4080 omnia
208 4015 370 4080 mendacia
388 4013 586 4098 palamliant,
608 4019 694 4074 metu
714 4011 898 4096 perterritus
910 4010 1063 4074 exclamat
1083 4032 1109 4072 v.
1124 4011 1201 4073 543:

388 4112 427 4178 Ei,
447 4128 524 4181 qnam
544 4113 623 4163 timeo
643 4112 730 4163 miser.

241 4201 283 4254 Nil
303 4207 343 4253 est
363 4200 484 4252 miserius
505 4215 581 4266 quam
602 4199 705 4250 animus
726 4199 839 4250 hominis
861 4197 992 4261 conscius,

243 4288 317 4342 Sient
336 4302 376 4339 me
397 4285 463 4338 male
483 4285 570 4337 babet.

1003 4375 1020 4428 3
