3140 5068
833 415 1040 479 ..60-

432 589 591 656 Postremo
605 592 721 671 videas,
740 613 834 676 qnam
852 593 925 658 boni
942 595 1035 660 amici
1049 595 1271 660 Callidamates
1284 604 1314 659 et
1324 595 1495 660 Philolaches

353 690 387 755 in
397 691 588 756 Mostellaria
599 691 672 771 sint,
690 692 772 756 inter
788 713 863 777 quos
879 693 931 759 vix
947 695 1119 779 quidquam
1136 703 1191 774 est,
1211 696 1294 782 quod
1309 719 1374 761 non
1390 695 1497 760 habeant

352 813 524 856 commune.
568 793 627 857 Ille
649 793 731 857 huno
754 794 836 879 apud
859 802 980 880 patrem
1003 794 1070 860 eius
1092 796 1233 860 defendit
1252 818 1281 860 v.
1305 797 1387 861 1158
1409 818 1462 880 sq:

422 892 544 944 Omnium
564 893 676 962 primum
697 893 812 946 sodalem
833 910 873 946 me
892 911 950 948 esse
970 895 1022 947 sois
1041 900 1122 962 gnato
1142 901 1196 948 too,

423 979 448 1032 ls
468 979 524 1032 adit
541 995 598 1032 me:
615 995 676 1031 nam
697 979 771 1032 illum
791 980 896 1048 prodire
915 981 999 1050 pudet
1019 981 1236 1050 inconspectum
1257 986 1329 1036 tuom

421 1065 590 1134 Propterea,
610 1082 677 1134 quae
697 1066 767 1131 lecit,
787 1082 865 1135 quom
885 1073 911 1119 te
930 1068 997 1121 scire
1013 1069 1071 1121 seit.
1099 1084 1171 1121 nune
1189 1073 1215 1120 te
1236 1070 1354 1135 obsecro,

421 1151 556 1206 Stultitiae
575 1153 823 1222 adulescentiaeque
843 1155 900 1207 eius
919 1155 1058 1222 ignoscas:
1083 1159 1164 1208 tuost.

420 1240 478 1292 Seis
497 1239 582 1293 solere
601 1239 682 1293 illanc
700 1246 812 1293 aetatem
834 1241 880 1294 tali
900 1241 963 1294 ludo
982 1241 1081 1294 ludere.

421 1324 552 1394 Quicquid
571 1325 642 1390 feeit,
660 1326 797 1379 nobiscum
817 1344 871 1380 una
889 1326 965 1380 lecit:
991 1344 1039 1381 nos
1059 1327 1226 1397 deliquimus.

418 1412 532 1480 Faenus,
557 1417 653 1465 sortem
673 1417 860 1481 sumptumque
879 1429 990 1480 omnem,
1010 1416 1055 1483 qui
1071 1416 1157 1467 amic-a
1175 1419 1298 1484 emptast,
1315 1416 1405 1468 omnia

418 1497 472 1551 Nos
492 1498 622 1564 dabimus,
640 1513 689 1551 nos
708 1498 872 1552 conteremus
891 1504 982 1553 nostro
1001 1507 1118 1570 sumptu,
1137 1517 1191 1554 non
1212 1507 1266 1554 tuo.

435 1585 542 1669 Neque
553 1593 657 1648 tamen
673 1585 836 1669 pecuniam
849 1587 951 1651 solnm
972 1596 1003 1651 et
1021 1609 1094 1673 opes
1110 1588 1192 1652 inter
1209 1587 1323 1653 amicos
1337 1585 1494 1652 communia

353 1706 420 1749 esse
443 1685 554 1749 debere
578 1684 777 1769 Peripatetici
809 1684 976 1765 docebant,
1009 1688 1062 1752 sed
1091 1687 1187 1752 etiam
1215 1688 1253 1751 ad
1284 1687 1381 1751 animi
1411 1695 1493 1750 motus

351 1785 552 1870 proverbium
572 1785 808 1849 transtulerunt.
840 1783 960 1869 'ltaque
979 1786 1004 1850 si
1027 1786 1098 1871 quis
1114 1787 1225 1870 gaudio
1240 1787 1383 1867 aflicitur,
1405 1785 1493 1850 eodem

351 1885 487 1950 afficitur
509 1885 602 1950 etiam
622 1884 689 1949 eins
710 1884 839 1964 amicus
863 1893 893 1949 et
914 1885 1034 1951 amiens
1056 1888 1192 1952 dolorem
1210 1909 1270 1952 non
1293 1887 1396 1952 minus
1417 1884 1494 1951 sentit

351 2007 444 2070 qnam
467 1985 504 2065 is,
528 1984 582 2070 qui
604 2005 676 2049 eum
694 1983 822 2069 patitur.

432 2083 474 2158 οἱς
495 2083 533 2147 δὲ
558 2084 640 2164 πράς
660 2082 779 2148 ἑαυτόν
797 2085 862 2164 ἔχει
883 2083 902 2147 d
925 2083 1123 2162 sacerdodos,
1148 2085 1202 2148 καὶ
1224 2084 1307 2165 πρὸς
1327 2085 1385 2148 τάν
1406 2082 1493 2166 φίλον

352 2185 458 2265 ἔτερος
473 2184 533 2264 γάρ
553 2183 653 2258 αῦτάς
669 2184 688 2248 o‘
707 2184 799 2268 φίλος
819 2185 912 2248 ἐστίν
929 2184 1008 2249 dicit
1023 2186 1207 2251 Aristoteles
1216 2187 1286 2251 Eth.
1295 2186 1361 2250 Nic.
1371 2185 1413 2249 [Χ
1423 2187 1448 2262 9,
1460 2184 1493 2246 10.

434 2286 499 2362 Quo
522 2287 557 2349 lit
579 2294 614 2349 ut
635 2285 783 2366 gaudium
812 2285 941 2370 quidem
962 2295 1120 2367 augeatur,
1154 2287 1180 2350 si
1203 2287 1271 2352 eins
1292 2286 1440 2372 particeps
1460 2291 1495 2347 est

352 2386 482 2468 amiouS,
505 2387 591 2452 dolor
611 2394 717 2451 autem
740 2385 908 2450 minuatur.

436 2487 481 2552 Cf.
494 2486 557 2552 Cio.
570 2486 651 2551 Lael.
665 2489 721 2552 22:
745 2486 807 2568 Qui
824 2493 902 2550 esset
918 2493 1025 2550 tentus
1041 2485 1168 2568 fruetus
1186 2487 1220 2550 in
1233 2487 1396 2571 prosperis
1411 2483 1495 2555 rehtu,

353 2587 417 2652 nisi
443 2586 588 2664 hohern,
617 2587 672 2672 qni
698 2585 764 2650 illis
794 2608 889 2672 aeque
919 2607 956 2651 uc
984 2593 1018 2650 ίιι
1049 2587 1117 2670 ipse
1148 2587 1327 2671 quoderat?
1362 2587 1495 2651 adversos

355 2709 425 2752 nero
445 2686 532 2769 ferre
552 2685 683 2769 difficile
704 2693 782 2751 esset
808 2687 876 2750 sine
899 2707 950 2763 eo,
976 2688 1031 2771 qui
1052 2688 1126 2751 illas
1144 2687 1276 2770 pravius
1307 2688 1397 2751 etium
1417 2703 1494 2772 quon

353 2795 387 2852 tn
407 2787 515 2870 ferret.
620 2786 706 2851 Nunc
728 2792 757 2850 et
778 2785 934 2850 secundus
955 2807 1004 2850 res
1024 2786 1253 2872 splendidiores
1274 2786 1354 2869 feeit
1374 2785 1495 2850 amicitia

352 2887 550 2954 etadcersus
568 2889 714 2972 partiens
736 2888 1031 2972 communicansque
1049 2888 1188 2962 leuiores.

436 2985 541 3060 Simili
582 2995 686 3052 autem
725 2987 815 3052 modo
856 2988 918 3052 iam
952 2987 1138 3056 Aristoteles
1181 2987 1341 3051 contendit
1377 2983 1496 3049 homines

356 3086 521 3172 praecipue
543 3085 577 3150 in
598 3087 691 3152 rebus
712 3087 852 3152 adversis
873 3087 983 3151 amicis
1005 3087 1155 3170 indigere.
1541 3139 1542 3176 3

436 3189 480 3250 Cf.
495 3187 564 3251 Eth.
578 3187 646 3252 Nic.
660 3189 703 3252 lX
718 3191 764 3270 ll,
780 3191 813 3252 l:
837 3186 979 3268 πότερον
999 3186 1027 3248 d'
1046 3187 1081 3249 ἐν
1096 3185 1259 3265 εὐτυχίαις
1273 3184 1397 3266 μᾶλλον
1413 3181 1497 3264 φίλων

351 3282 446 3370 deiri
467 3287 503 3348 ἐν
523 3286 728 3370 δυστυχίαις;
758 3287 794 3350 ἐν
815 3287 942 3370 άμιμοίν
973 3286 1033 3367 γάρ
1056 3287 1292 3368 ἐπιζητοῦνται.
1343 3282 1379 3348 oi'
1393 3307 1425 3345 τε
1450 3281 1496 3362 χ“ρ

352 3386 549 3465 ἀτυχοῦντες
576 3386 707 3450 δέονται
728 3387 923 3468 ἐπικουρίας,
954 3386 985 3449 oi
1013 3386 1042 3449 δ’
1064 3386 1276 3465 εὐτυχοῦντες
1296 3388 1438 3467 συμβίαν
1455 3379 1496 3442 aci

352 3484 405 3560 οῦς
426 3475 464 3550 οῦ
486 3483 691 3572 ποιήσουσιν·
728 3485 902 3570 βούλονται
921 3488 982 3570 γάρ
1004 3476 1041 3552 sd
1063 3486 1155 3567 δρᾶν.
1193 3485 1438 3567 ἀναγκαιότερον
1450 3483 1497 3562 μὲι·

352 3587 394 3672 δὴ
416 3588 452 3650 ἐν
472 3590 544 3661 ταῖς
565 3587 730 3668 άτυχίαις,
761 3587 813 3650 ded
838 3590 904 3650 τῶν
925 3591 1093 3670 χρησίμων
1116 3587 1266 3650 ἐνταῦθα
1289 3585 1345 3649 δεῖ
1349 3634 1357 3665 ,
1387 3581 1497 3647 κάλλιον

353 3688 382 3751 d’
405 3689 440 3751 ἐν
460 3690 533 3764 ταῖς
554 3687 732 3768 εῦτυχίαις,
761 3687 811 3750 ded
837 3687 891 3750 καί
916 3687 992 3761 τοῦς
1015 3688 1166 3760 ἐπιεικεῖς
1188 3687 1345 3770 ζητοῦσιν.
1386 3681 1496 3751 τούτους

352 3787 414 3869 γάρ
434 3784 647 3869 αἱρετώτερον
668 3787 848 3868 εῦερχετείν
868 3787 922 3850 καὶ
944 3789 1029 3870 μετά
1051 3783 1177 3852 τούτων
1195 3785 1329 3868 διάγειν.
1368 3786 1432 3850 ἔστι
1449 3779 1496 3861 γάρ

352 3886 407 3951 καὶ
431 3887 449 3971 'l
472 3893 639 3970 παρουσία
659 3887 743 3971 unisti
767 3890 832 3950 τῶν
854 3888 957 3970 φίλων
979 3887 1075 3974 ἦδεία
1096 3886 1151 3949 καὶ
1174 3887 1209 3949 ἐν
1231 3889 1302 3959 ταῖς
1325 3885 1496 3963 δυστυχίαις·

354 3991 561 4072 κουφίζουται
582 3989 642 4070 γάρ
666 3988 697 4052 oi
723 3987 923 4069 λυπούμενοι
950 3986 1195 4069 συναλχοάιτων
1223 3988 1289 4048 τῶν
1316 3986 1423 4069 φίλων.
1457 3973 1495 4041 dri

352 4084 415 4150 κάν
443 4084 644 4172 άπορήσειίν
671 4111 717 4162 τις
746 4085 888 4168 πότερον
918 4083 1031 4167 οἵσπερ
1058 4084 1178 4169 βάρους
1198 4085 1495 4167 μεταλαμβάνουσιν,

353 4182 375 4272 ἢ
397 4189 493 4251 τοῦτο
514 4192 576 4269 μὲν
597 4188 646 4267 ου’,
677 4187 698 4272 ἦ
719 4191 886 4268 παρουσία
910 4186 939 4249 d’
956 4186 1065 4249 αῦτῶυ
1087 4185 1183 4270 ἡδεῖα
1198 4175 1347 4250 οῦσακαὶ
1368 4183 1388 4268 ἡ
1407 4183 1495 4244 ἔννοια

352 4287 412 4351 τοῦ
427 4288 599 4372 συναλγεῖν
620 4288 745 4353 ἐλάττω
767 4287 827 4372 τήν
845 4283 956 4369 λύπην
977 4291 1074 4350 ποιεῦ.
