3140 5068
818 459 1025 523 ..84-

423 637 543 704 Deinde
565 635 836 722 Periplecomenus
855 640 986 726 pergitzr

444 755 515 808 llaec
533 759 612 823 atque
631 755 724 808 horum
744 755 841 809 similia
860 756 910 808 alia
930 757 1026 810 damna
1045 757 1129 809 multe
1147 755 1285 809 mulierum

446 839 490 893 hie
509 856 591 894 uxore
612 842 761 910 prohibent,
781 844 845 895 mihi
865 859 932 912 quae
953 843 1031 895 huius
1050 843 1144 896 similis
1164 859 1298 896 sermones
1317 849 1388 895 serat

341 945 479 1020 Quorum
506 945 691 1009 damnorum
714 945 864 1010 nonnulla
886 969 904 1009 a
926 945 1138 1031 Theophrasto
1160 953 1379 1009 enumerantur
1397 943 1413 1026 ξ
1431 944 1475 1006 ts:

341 1043 450 1109 Multo
476 1064 541 1108 esse
570 1067 651 1130 qnare
670 1053 890 1110 matronarum
911 1045 1019 1110 usibus
1047 1046 1225 1110 necessario
1246 1047 1326 1110 sint:
1352 1045 1477 1130 [13113313

341 1152 446 1224 vestes,
464 1167 591 1223 aarum,
613 1167 760 1230 gemmae,
778 1153 931 1230 sumptos,
945 1146 1089 1225 ancillae,
1107 1149 1248 1232 supellex
1264 1148 1364 1225 33313,
1383 1146 1478 1210 leniae

340 1252 369 1308 et
390 1245 497 1308 essedo
518 1245 685 1310 deaurato.

424 1363 514 1429 Nune
535 1386 565 1428 v.
588 1364 648 1428 703
671 1364 739 1428 seni
761 1363 929 1428 Pleusicles
950 1363 1097 1447 opponit:

360 1473 362 1480 '
446 1466 481 1520 At
501 1463 547 1516 illa
567 1464 625 1516 laus
645 1469 693 1529 est,
713 1479 807 1532 magno
827 1466 855 1518 in
873 1479 970 1533 genere
989 1467 1015 1516 et
1033 1465 1061 1516 in
1080 1465 1181 1516 divitiis
1200 1467 1331 1517 maxumis

446 1552 556 1606 Liberos
575 1553 705 1607 hominem
726 1553 847 1618 educare,
865 1555 955 1622 generi
975 1556 1163 1608 monimentum
1185 1557 1210 1612 et
1229 1553 1291 1607 sibi.

341 1658 398 1723 Cui
422 1667 573 1744 repugnat
596 1659 883 1744 Periplecomenus:

411 1775 522 1838 Quando
544 1777 627 1830 habeo
647 1777 743 1829 multos
763 1781 898 1844 cognatos,
918 1775 981 1844 quid
1001 1792 1067 1843 opus
1087 1779 1127 1826 est
1146 1774 1208 1826 mihi
1228 1764 1341 1828 liberis?

411 1862 487 1914 Nunc
506 1863 573 1916 bene
592 1865 650 1916 viro
672 1869 698 1916 et
715 1865 849 1917 fortunate
869 1869 948 1933 atque
968 1866 997 1914 ut
1015 1862 1075 1914 volo
1096 1866 1176 1929 atquc
1194 1861 1283 1914 animo
1304 1865 1332 1913 ut
1349 1861 1420 1912 lubet.

401 1945 468 2002 'nea
487 1950 556 2002 hona
576 1967 632 2002 mea
651 1955 733 2003 morte
753 1952 873 2016 cognatis
895 1951 993 2007 didam,
1012 1951 1144 2001 intereos
1163 1948 1292 2017 partiam:

410 2036 441 2089 Η1
462 2037 533 2105 apud
553 2054 593 2090 me
612 2038 733 2102 aderunt,
753 2054 792 2089 me
812 2040 956 2091 curabunt:
983 2037 1069 2088 visent
1088 2035 1152 2104 quid
1172 2051 1258 2102 agam,
1278 2035 1341 2103 quid
1358 2033 1436 2085 velim:

412 2122 489 2175 Prius
509 2141 586 2191 quam
607 2124 678 2176 lucet
696 2124 802 2188 adsunt,
822 2125 939 2190 rogitant
958 2127 1038 2175 noctu
1057 2126 1086 2173 ut
1106 2137 1225 2174 somnum
1246 2123 1367 2190 ceperim.

410 2209 462 2262 Eos
482 2226 529 2279 pro
548 2211 639 2264 liberis
659 2211 769 2272 habebo,
789 2211 834 2279 qni
854 2212 917 2263 mihi
938 2212 1047 2264 mittunt
1063 2225 1179 2262 munera.

411 2295 580 2350 Sacrificant:
600 2297 665 2349 dant
684 2297 745 2349 inde
764 2302 864 2366 partem
886 2298 948 2350 mihi
969 2297 1091 2349 maiorem
1112 2312 1189 2364 quam
1209 2295 1273 2360 sibi,

411 2383 555 2437 Abducnnt
572 2384 604 2437 ad
625 2387 694 2447 exta,
710 2400 751 2436 me
771 2383 803 2436 ad
824 2400 852 2436 se
872 2384 903 2436 ad
924 2384 1073 2453 prandium,
1093 2383 1125 2434 ad
1145 2399 1235 2435 cenam
1256 2387 1357 2435 vocant

411 2470 458 2522 llle
477 2469 658 2522 miserrumum
682 2485 710 2521 se
729 2474 809 2527 retur,
831 2471 974 2522 minumum
996 2471 1041 2537 qni
1063 2471 1134 2522 misit
1153 2470 1225 2522 mihi.

411 2555 452 2607 llli
472 2556 541 2607 inter
559 2571 587 2607 se
606 2555 818 2608 certant-donis:
844 2560 947 2622 egomet
965 2572 1066 2608 mecum
1087 2556 1214 2608 mussito:

331 2683 334 2690 ,
412 2642 503 2696 “Bona
521 2658 579 2693 mea
598 2642 716 2693 inhiant:
735 2657 775 2693 me
794 2642 913 2694 certatim
934 2643 1069 2694 nutricant
1088 2645 1117 2694 31
1135 2643 1291 2694 munerant“

341 2743 433 2827 eique
456 2744 626 2808 assentitur
647 2744 834 2809 Palaestrio:

411 2859 495 2912 Nimis
514 2861 582 2935 bona
603 2862 703 2913 ratione
722 2861 884 2930 nimiumque
904 2860 935 2912 ad
955 2864 982 2911 13
1004 2863 1030 2910 31
1048 2864 1120 2911 tuam
1140 2859 1220 2910 vitam
1241 2858 1331 2921 habes,

344 2973 347 2978 ·
411 2945 444 2999 st
462 2947 510 2998 tibi
531 2953 593 3000 sunt
612 2948 709 3014 gemini
730 2954 756 3000 et
774 2947 916 3015 trigemini,
936 2946 958 2998 si
977 2949 1002 2997 te
1022 2945 1089 2997 bene
1107 2945 1198 3008 habes,
1217 2943 1275 2996 filii.

426 3049 556 3113 Easdem
581 3050 752 3114 sententias
764 3049 995 3134 Theophrastus
1013 3048 1148 3132 praebet.
1194 3047 1317 3110 Etenim
1341 3067 1397 3111 non
1415 3039 1487 3107 modo

340 3147 461 3226 suadet,
485 3170 524 3212 ne
551 3150 621 3233 qnis
646 3148 771 3232 ,generi
795 3155 1032 3214 monumentum
1057 3156 1088 3210 et
1109 3144 1192 3210 sibi“
1216 3146 1330 3210 liberos
1360 3145 1486 3231 procreet,

341 3268 413 3311 cum
436 3248 517 3312 nihil
538 3249 666 3316 intersit
689 3270 801 3315 nomen
826 3248 964 3314 hominis
987 3255 1092 3311 utrum
1116 3246 1250 3310 intereat
1272 3267 1369 3311 necne
1388 3279 1423 3290 -

423 3365 468 3429 cf.
493 3363 512 3446 ξ
534 3367 591 3431 58;
624 3366 726 3432 Porro
757 3366 925 3431 liberorum
958 3385 1054 3429 erneiso
1087 3383 1217 3427 notorem
1247 3362 1378 3440 duem,
1407 3352 1488 3424 31111

340 3483 453 3527 nomen
474 3471 617 3528 nocerim
646 3487 710 3530 non
733 3467 867 3530 intereat
896 3467 943 3529 vet
962 3465 1134 3529 habeam-ns
1158 3465 1326 3528 senectutis
1348 3455 1488 3548 praesidio

341 3570 370 3626 et
390 3563 483 3627 certis
514 3570 645 3628 utamur
673 3565 856 3643 heredibus,
889 3565 1129 3630 stolidissimum
1152 3570 1204 3628 est.
1249 3563 1335 3642 erid
1364 3564 1438 3626 enirn
1457 3550 1489 3618 ad

341 3682 398 3726 nos
417 3664 552 3743 pertinet
574 3666 746 3730 recedentes
768 3689 784 3731 e
805 3667 941 3743 mundo,
975 3665 1005 3728 si
1026 3666 1152 3728 nornine
1173 3670 1279 3727 nostro
1302 3666 1387 3728 elisas
1408 3653 1489 3725 nomi·

341 3767 451 3840 netur,
481 3774 578 3844 qoem
601 3773 629 3828 31
648 3767 739 3845 fitius
761 3788 825 3830 non
853 3767 963 3830 stott‘ne
994 3765 1097 3849 petris
1125 3763 1309 3828 vocabulum
1336 3755 1488 3845 reserate

341 3861 592 3928 innumeradiles
614 3867 686 3943 sint,
708 3867 763 3951 qui
785 3866 889 3930 eodem
911 3863 1113 3949 appellentur
1133 3863 1282 3926 nomine?

340 3978 393 4042 sed
436 3980 533 4044 etiam
566 3980 647 4045 sicut
683 3982 956 4067 Periplecomenus
988 3982 1027 4045 eb
1059 3981 1169 4045 amicis
1202 3987 1233 4044 et
1268 3979 1404 4062 cognatis
1432 3966 1489 4036 dili·

341 4078 510 4160 gentisime
541 4081 663 4144 levetur
685 4101 797 4164 eosque
820 4081 991 4146 liberorum
1013 4081 1078 4144 loco
1100 4080 1245 4143 habetet
1267 4079 1430 4155 heredum,
1456 4069 1489 4131 ill

337 4176 568 4263 Theophrastus
592 4200 713 4263 quoque
744 4180 860 4244 amicos
889 4187 921 4244 et
951 4187 1094 4261 cognatos
1117 4179 1261 4243 meliores
1284 4200 1350 4243 osse
1374 4169 1484 4242 heredes

338 4297 433 4362 quam
454 4277 567 4342 liberos
589 4288 619 4342 et
640 4279 758 4363 optime
780 4279 953 4363 sapientem
977 4299 1084 4342 curere
1109 4299 1196 4363 posse
1219 4277 1391 4342 existimet.
