3140 5068
553 484 759 546 ..19-

272 655 378 727 ζητοῦοι
397 656 517 730 ουνεχοῖς
538 651 597 712 οἶόν
615 654 671 712 ἕατ’
689 655 743 714 cdx
762 658 875 722 εἰδότες.
927 703 928 708 ¹

132 741 166 794 10
271 737 373 796 cdxciv
391 736 407 795 ό
425 739 453 814 y'
472 741 523 798 ada
542 743 659 818 ἔχουσιν,
679 741 812 816 α’γνοοόοι
832 745 872 816 δι’,

272 823 335 882 οὐδ’
353 825 388 882 ἄν
407 827 492 902 ἑτέρῳ
512 829 633 902 δοίησαν.
670 834 696 886 Β
715 828 786 887 οὕτω
804 821 941 892 συνδοκεῖ.

229 919 252 967 Α
270 913 408 987 μα’γειρος
428 903 463 986 ἦν
482 911 619 983 κόκοῖνος,
638 905 660 970 ὦ
678 918 716 992 γῆ
734 922 781 973 καὶ
800 924 874 976 θεοί.

230 1002 256 1054 Β
272 1008 352 1062 ποῖος
369 1001 523 1075 μόγειρος;
541 1007 564 1056 Α
585 999 600 1074 ἡ
622 1002 704 1072 φύσις
720 1004 810 1079 πόσης
829 1005 927 1082 τέχνης

272 1084 426 1162 α’ρχὲγονόν
443 1086 506 1144 ἐπ’.
535 1091 561 1143 Β
578 1087 741 1162 ἀρχέγονον,
760 1080 891 1168 δλιτήριε
900 1115 912 1162 ;

132 1175 165 1228 15
224 1180 248 1228 A
267 1177 316 1229 οὐκ
336 1174 412 1228 ἔστιν
431 1173 512 1230 οὐδὲν
530 1176 579 1230 τοῦ
596 1185 699 1232 πονεῖν
716 1177 882 1255 σοφώτερον,

270 1261 326 1315 πᾶν
346 1260 459 1336 εὐχερές
477 1281 508 1316 τε
523 1262 641 1335 πρᾶγμα
662 1264 711 1319 τοῦ
729 1263 814 1337 λόγου
833 1262 934 1341 τριβὴν

271 1347 364 1419 ἔχοντι
383 1343 491 1402 τούτου·
511 1344 672 1422 πολλὰγὰρ
692 1355 881 1424 συμβάλλεται.

269 1433 367 1506 διόπερ
385 1438 524 1509 μάγειρον
542 1430 611 1490 όταν
628 1436 690 1511 ἴδῃς
707 1433 892 1513 α’γράμματον
951 1425 952 1428 ¹

269 1517 309 1593 μὴ
329 1523 504 1595 Δημόκριτόν
524 1540 555 1576 τε
573 1521 666 1576 πάντα
685 1523 901 1596 διανεγνωκότα,

127 1607 164 1662 20
269 1606 424 1679 μᾶλλονδὲ
443 1610 595 1682 κατέχοντα
617 1609 769 1682 [καταγέλα
788 1607 824 1674 οἷς
843 1612 938 1682 κανόν’]

269 1695 317 1746 καὶ
335 1689 385 1747 τὸν
399 1695 562 1767 Ἐπικούρου
581 1698 694 1764 κανόνα,
713 1697 948 1771 μινθώσαςόφες

268 1775 306 1842 οἷς
324 1778 357 1836 ἔκ
374 1781 515 1854 διατριβῆς
534 1783 591 1837 κτλ.

51 1869 212 1952 Loquitur
233 1868 290 1934 hoc
312 1869 346 1934 in
365 1871 538 1953 fragmento
560 1871 720 1955 imprimis
744 1896 869 1959 ecquae,
893 1875 949 1959 qui
961 1875 1089 1961 Epicuri
1113 1896 1146 1939 se
1165 1895 1232 1939 esse

52 1968 252 2054 discipulum
281 1969 431 2052 gloriatur
460 1980 491 2034 ct
519 1978 584 2034 tam
606 1974 719 2038 acriter
752 1976 866 2040 studiis
894 1975 1039 2060 'coquinis
1061 1977 1143 2062 apud
1167 1998 1232 2040 ma-

51 2070 192 2152 gistrum
215 2091 248 2134 se
270 2070 406 2151 dedidit,
428 2079 492 2135 tam
516 2071 652 2138 multum
679 2074 808 2156 didicit,
839 2085 874 2140 ut
896 2076 980 2141 intra
999 2077 1059 2140 duo
1082 2097 1179 2141 annos
1201 2084 1233 2140 et

51 2172 167 2234 decern
189 2171 253 2233 fere
282 2191 405 2234 manses
433 2179 579 2253 quattuor
601 2172 720 2238 talenta
741 2175 775 2239 in
814 2177 935 2240 fumum
965 2175 1145 2241 dissoluerit
1181 2176 1230 2240 vel

54 2271 175 2355 potius,
197 2275 233 2332 ut
254 2270 396 2351 verbum,
419 2290 480 2353 quo
496 2271 606 2354 utitur,
631 2273 802 2356 imitemur,
826 2275 1063 2360 consumpserit.
1108 2276 1231 2359 Coquus

51 2370 161 2448 enim,
192 2369 246 2452 qui
277 2369 417 2452 magistri
445 2391 555 2434 verum
586 2393 619 2436 se
649 2375 810 2440 ostendere
840 2376 908 2440 vult
940 2376 1130 2461 discipulum
1156 2397 1230 2441 voce

54 2499 118 2541 non
144 2476 189 2540 ita
202 2475 318 2541 usitata
333 2477 386 2540 sed
402 2476 441 2539 ab
458 2476 512 2541 illc
534 2478 675 2542 adhibita
690 2476 808 2556 utitur3
832 2498 905 2540 nam
924 2479 1154 2538 καταπυκνοῦν
1169 2475 1232 2561 τήν

54 2573 197 2660 ἡδονήν,
228 2577 422 2641 condensam
450 2584 477 2641 et
506 2578 645 2664 undique
670 2577 820 2660 perficere
847 2574 1230 2661 cotimemcolaptatis1)

52 2678 158 2764 ipsius
181 2684 228 2740 est
248 2677 376 2762 Epicuri
398 2677 521 2742 locutio.

141 2785 186 2850 uf.
205 2808 232 2849 κ.
253 2784 282 2849 d.
299 2784 344 2848 lX
366 2783 470 2868 (Diog.
483 2785 557 2850 L.X
578 2782 667 2864 ilat:
691 2782 722 2846 εἰ
740 2786 984 2848 κατεπυκνοῦτο
1005 2787 1102 2846 πᾶσα
1124 2782 1228 2866 ἡδονή

51 2885 107 2948 καὶ
141 2883 247 2966 χρόνῳ
276 2884 329 2947 καὶ
358 2885 433 2964 περὶ
457 2880 534 2947 ὅλον
565 2884 603 2960 τό
637 2879 810 2966 ἄθροισμα
839 2882 988 2964 ὑπῆρχεν
1010 2878 1033 2967 ἢ
1054 2882 1095 2946 τό
1118 2882 1227 2963 κυριώ-

51 3008 142 3047 τατα
158 2992 240 3068 μέρη
258 2986 313 3069 τῆς
329 2984 467 3067 φύσεως,
489 2982 547 3045 οὐκ
566 2979 609 3046 ἄν
622 3006 705 3047 ποτε
719 2985 870 3068 διέφερον
889 2980 1039 3069 αλλήλων
1053 2979 1089 3044 αἱ
1099 2981 1225 3066 ἡδοναί.

139 3101 292 3167 Versibus
321 3101 434 3167 deinde
456 3101 530 3165 inde
559 3101 598 3165 ab
620 3103 637 3164 7
663 3101 821 3186 usquead
847 3105 883 3164 11
906 3099 1079 3185 discipulus
1101 3100 1139 3164 de
1160 3122 1225 3164 ma-

53 3203 154 3284 gistro
175 3201 260 3265 idem
279 3201 446 3287 praedicat,
475 3202 555 3286 quod
579 3200 733 3286 Epicurus
754 3202 821 3287 ipse
843 3200 881 3265 de
898 3217 937 3265 'se
958 3199 1164 3281 gloriabatur:
1194 3221 1227 3263 se

53 3303 176 3382 solum,
208 3300 284 3385 quid
306 3301 348 3364 sit
370 3301 483 3367 bonum
508 3310 539 3364 et
566 3301 639 3364 finis
662 3300 762 3379 vitae,
796 3308 878 3364 recte
900 3299 1113 3384 perspexisse,
1146 3299 1227 3383 quod

54 3403 173 3466 bonurn
195 3401 387 3485 voluptatem
410 3421 476 3465 esse
500 3410 592 3486 patet.
636 3399 754 3465 Stoicos
777 3409 892 3479 autem,
918 3400 1019 3485 pergit
1041 3420 1168 3483 coquus,
1192 3407 1227 3462 ut

53 3503 153 3565 etiam
174 3500 369 3565 adversariae
392 3509 492 3565 sectae
511 3501 634 3586 plagam
660 3501 779 3581 iniciat,
802 3501 919 3565 bonurn
941 3500 1070 3583 quidem
1092 3507 1123 3561 et
1143 3497 1227 3582 ipsos

55 3592 224 3684 quaerere,
251 3608 388 3664 attamen
411 3621 512 3684 neque
534 3601 617 3685 ipsos
640 3599 798 3664 invenisse
820 3621 922 3684 noque
945 3607 1062 3663 ceteros
1084 3597 1226 3662 homines
1313 3647 1316 3651 .

56 3722 146 3786 posse
168 3701 286 3765 docere.
331 3699 435 3778 Quid?
465 3701 546 3785 qnod
569 3721 661 3764 versu
683 3703 722 3764 21
747 3700 862 3765 iterum
885 3699 924 3763 ad
947 3698 1118 3784 Epicurum
1141 3697 1225 3761 dele-

55 3823 176 3884 gamur.
219 3802 329 3866 Totam
356 3801 441 3865 enim
471 3800 699 3885 philosophiam
727 3800 760 3863 in
790 3807 852 3864 tres
881 3806 984 3884 partes
1015 3797 1124 3863 divisit
1152 3797 1225 3881 Epi-

55 3923 159 3982 curus,
189 3901 379 3980 canonicam,
409 3901 582 3985 physicam,
616 3900 768 3979 ethicam3
799 3897 972 3974 sententiae
999 3906 1104 3962 autem
1127 3897 1225 3984 partis

58 4001 224 4066 canonicae
247 4001 418 4085 explicatae
441 4009 528 4064 erant
552 4000 641 4081 libro,
665 4001 716 4064 cui
739 3999 900 4084 inscripsit
923 3997 999 4077 περὶ
1021 4002 1183 4080 κριτηρίου
1206 3993 1227 4081 ἢ

54 4123 173 4166 κανων.

126 4291 151 4360 l)
170 4292 209 4364 ill.
229 4294 303 4347 chk
321 4309 381 4362 pag.
400 4292 459 4358 352,
