3140 5068
819 487 855 500 ..
900 457 941 521 20
981 488 1022 500 .-

414 632 459 698 cf.
472 633 564 715 irgm.
576 632 618 696 34
639 631 742 716 (Diog.
756 633 789 698 L.
805 633 917 714 X30):
940 634 1112 714 διαιρεῖται
1134 639 1243 696 τοίνυν
1265 632 1300 717 (ἡ
1321 633 1392 695 κατ’
1412 634 1501 698 Ἐπί-

329 752 443 812 κουρον
465 730 658 816 φιλοσοφία)
689 732 733 806 εἰς
761 737 852 813 τρία,
882 730 921 796 τό
944 757 980 795 τε
1009 734 1178 796 κανονικὸν
1205 734 1259 795 καὶ
1281 734 1421 815 φυσικδν
1444 734 1498 795 καὶ

329 829 458 912 η’θικόν.
496 833 534 893 τδ
566 836 628 912 μὲν
649 819 709 896 οὖν
737 835 906 896 κανονικδι·
935 833 1074 917 ἐφόδους
1102 833 1158 896 ἐπὶ
1186 834 1247 919 τήν
1269 839 1501 914 πραγματείαν

330 931 467 1010 ἔχεικαὶ
489 933 580 994 ἔστιν
601 931 637 994 ἐν
658 931 706 995 ἑνὶ
728 936 774 1014 τῷ
796 933 1046 1016 ἐπιγραφομένῳ
1066 930 1185 997 κανών.

411 1032 504 1096 Hunc
526 1031 624 1115 igitur
648 1033 782 1113 librum,
806 1055 866 1118 quo
888 1035 926 1098 de
949 1035 1056 1118 regula
1078 1041 1110 1098 et
1132 1034 1248 1098 iudicio
1272 1034 1414 1098 veritatis
1435 1035 1499 1098 dis—

331 1131 430 1195 seruit
451 1130 667 1217 philosophus,
696 1156 727 1198 v.
749 1135 787 1198 21
812 1155 928 1219 coquus
951 1135 1033 1198 inter
1055 1155 1105 1198 eos
1126 1142 1297 1226 enumerat,
1321 1155 1397 1218 quos
1421 1135 1500 1198 bono

331 1252 428 1314 coquo
449 1231 652 1317 perlegendos
676 1254 742 1298 esse
764 1242 879 1299 censet.

415 1331 556 1417 Denique
578 1332 639 1397 huc
660 1333 797 1418 pertinet
819 1334 1000 1419 Apollodori
1024 1334 1161 1418 Carystii
1183 1337 1304 1418 frgm.5
1327 1334 1428 1416 (Kock
1456 1338 1502 1401 111

332 1453 400 1516 pag.
419 1431 512 1514 281):

541 1519 562 1584 ολ
579 1535 682 1594 πάντες
699 1530 855 1608 ἅνθρωποι,
875 1537 901 1590 τί
920 1530 950 1588 τὸ
969 1532 1017 1606 ζῆν
1035 1527 1121 1605 ἡδέως

540 1622 678 1692 παρέντες
697 1617 879 1694 ἐπιμελεῖσθε
899 1621 948 1676 τού
967 1621 1058 1682 κακοῖς
1075 1627 1169 1675 ποιεῖν

541 1706 732 1780 πολεμοῦντες
749 1703 896 1779 άλλήλοος;
915 1707 1021 1784 πότερα
1040 1707 1111 1783 πρδς
1129 1708 1185 1762 τοῖν
1203 1706 1281 1761 θεῶν

540 1790 685 1849 ἐπιστατεῖ
700 1814 744 1855 τις
762 1795 812 1850 τοῦ
829 1799 891 1865 βίου
913 1798 976 1850 νονί
995 1799 1060 1868 τύχη

542 1877 676 1955 ἄγροικος
696 1876 782 1954 ῆμόν,
801 1878 865 1937 ούδὲ
883 1882 1015 1936 παιδείαν
1033 1877 1100 1942 ὅλως

543 1967 640 2034 εἰδυῖα,
660 1971 687 2021 τί
704 1964 735 2023 τὸ
754 1965 842 2022 κακόν
860 1965 922 2023 ποτ’
941 1965 957 2040 ἦ
977 1971 1002 2023 τί
1020 1964 1150 2040 τάγαθὸν

560 2051 615 2108 ἕατ’
635 2051 776 2125 άγνοούοα
794 2053 937 2116 παντελιῖς
955 2054 1016 2127 είκῑη
1034 2059 1064 2109 τε’
1083 2075 1140 2116 πως

542 2134 616 2213 η’μᾶς
634 2137 788 2196 κυλίνδοντ’
808 2135 896 2196 ὅντιν’
914 2137 949 2195 ἂν
968 2144 1034 2217 τύχη
1053 2140 1169 2215 τρόπους

543 2223 622 2300 οἶμαί
638 2248 682 2298 γε.
718 2227 776 2288 παῖς
795 2225 850 2302 γὰρ
868 2228 975 2301 μᾶλλον
992 2224 1028 2282 ἂν
1044 2229 1191 2299 προείλετο

538 2307 638 2386 Ἕλλην
656 2310 768 2386 άληθῶς
787 2303 855 2369 orico
873 2317 1046 2387 λεπομένους
1064 2308 1134 2388 δρᾶν

544 2395 645 2460 αύτούς
663 2395 710 2470 ὕφ’
728 2397 820 2455 αύτοῖν
838 2403 885 2455 καὶ
903 2404 1128 2462 καταπίπτοντας
1146 2402 1270 2472 νεκρούς,

544 2481 607 2546 ε’ξδν
625 2483 737 2559 ἱλαρούς
755 2489 903 2552 παίζοντας
921 2482 1140 2548 ὑποπεπωκότας

545 2567 737 2645 αύλουμὲνους
752 2574 880 2640 οποδείν;
898 2570 957 2646 λέγ’
975 2573 1052 2646 αὐτή,
1071 2567 1239 2646 γλυκυτάτη,

545 2657 638 2731 ἔλεγχ’
655 2656 790 2732 ἄγροικον
808 2649 893 2716 ούταν
911 2658 990 2734 ἡμῶν
1008 2659 1059 2732 τη’ν
1077 2663 1169 2733 τύχην.

546 2827 579 2886 ού
597 2832 678 2887 τούτο
698 2829 728 2888 τδ
747 2833 794 2906 ζῆν
812 2832 871 2889 ε’ττι
889 2829 939 2889 τὸν
957 2832 1131 2905 καλούμενον

546 2916 623 2973 θεῶν
641 2915 750 2991 άληθῶς
765 2923 833 2990 βίον.
870 2915 923 2994 ὅσῳ
941 2917 970 2974 δ’
989 2915 1085 2993 η’δὶονα

545 2999 579 3058 τά
596 3002 741 3079 πράγματ’
759 3005 791 3062 ἐν
809 3015 869 3069 ταῖς
885 3009 999 3063 πόλεσιν
1018 2995 1052 3080 ἦν
1070 3004 1105 3061 ἂν
1126 3003 1142 3079 ἢ
1161 3002 1195 3060 τά
1213 3004 1273 3068 νῦν,

547 3092 572 3148 εἰ
591 3093 798 3167 μεταβαλόντες
816 3092 867 3150 τὸν
886 3099 946 3166 βίον
965 3093 1108 3168 διήγομεν·

545 3183 639 3235 πίνειν
656 3178 815 3254 Ἀθηναίους
834 3177 960 3245 ἅπαντας
979 3177 1043 3242 τούς
1059 3181 1141 3255 μέχρι

546 3265 616 3321 ἐτοῖν
635 3265 785 3340 τριάκοντ’,
804 3267 909 3330 ἐξιέναι
930 3266 995 3330 τούς
1013 3269 1115 3329 ἱππέας

546 3350 593 3408 ε’πί
611 3353 706 3428 κῶμον
724 3355 765 3416 εἰς
785 3358 934 3431 Κόρινθον
953 3353 1057 3429 ἡμέρας
1075 3355 1150 3419 δέκα,

548 3437 613 3502 τούς
630 3437 682 3514 τὴν
699 3439 824 3515 ῥάφανον
843 3443 1003 3504 πωλοῦντας
1023 3440 1108 3509 ἕψειν
1129 3438 1294 3512 Μεγαρέων,

546 3527 587 3589 εὶς
606 3523 636 3582 τδ
654 3530 802 3598 βαλανεῖον
820 3526 934 3584 άπιίναι
953 3522 1017 3590 τούς
1036 3529 1204 3601 συμμάχους,

546 3609 717 3686 κεραννύναι
736 3612 785 3670 τὸν
803 3613 881 3670 οἶνον
899 3611 1009 3687 Εύβοης
1027 3610 1117 3687 τρυφὴ

406 3698 440 3751 25
546 3702 593 3755 καί
610 3702 669 3770 βίος
687 3697 804 3774 άληθῶς.
842 3699 900 3757 ἁλλ’
918 3695 1077 3774 άπαιδεύτῳ
1096 3699 1164 3775 τύχη

545 3786 723 3860 δουλεύομεν.
1385 3829 1388 3832 -

338 3873 427 3938 Haud
459 3875 565 3959 paucis
595 3877 625 3941 in
657 3877 799 3942 versibus
830 3877 922 3941 huius
953 3874 1119 3959 fragmenti
1149 3873 1318 3959 Epicureae
1348 3868 1507 3933 doctrinae

338 3974 403 4038 vim
435 3976 657 4059 cognoscimus,
713 3978 842 4042 Prorsus
874 3999 944 4043 cum
978 3977 1034 4041 ille
1073 3972 1268 4040 consentiens
1299 3969 1508 4054 Apollodorus

339 4073 514 4159 populares,
537 4076 672 4141 iucunde
695 4085 729 4141 ut
751 4079 871 4160 vivent,
895 4079 1036 4144 hortatur
1057 4099 1086 4141 v.
1111 4074 1190 4138 1-3
1211 4083 1243 4137 et
1265 4072 1347 4136 sicut
1368 4070 1401 4134 in
1424 4071 1507 4150 frag·

337 4185 445 4241 mento
470 4177 660 4258 Damoxeni,
688 4178 727 4242 de
748 4199 808 4264 quo
837 4180 928 4244 mode
949 4177 1045 4243 verba
1065 4175 1214 4253 fecimus,
1237 4193 1353 4256 coquus
1375 4169 1506 4250 StoicoS,

338 4275 413 4362 quid
435 4277 479 4341 sit
502 4277 627 4358 bonum,
651 4281 771 4345 nescire
794 4280 884 4360 dixit,
908 4279 952 4343 sic
976 4277 1009 4341 in
1028 4276 1123 4340 huius
1141 4274 1283 4340 versibus
1297 4274 1317 4336 6
1331 4272 1396 4338 et7
1418 4271 1506 4336 idem
