3140 5068
531 430 737 491 ..15-

28 601 127 691 Quos
149 631 256 676 versus
272 607 443 695 perlegenti
466 607 536 692 quis
558 615 614 687 est,
637 606 688 670 cui
707 628 769 670 non
793 602 900 670 statim
926 603 1119 690 praeclarum
1142 600 1221 665 illud

25 712 156 778 Horati
180 709 322 797 Epicurei
347 709 380 774 in
404 716 542 774 ruentem
568 705 676 772 veuit:
706 706 803 790 „quid
827 705 868 768 sit
891 705 1033 768 futurum
1053 723 1120 768 oras
1143 704 1214 784 luge

29 811 229 896 quaerere,“
249 809 330 893 quod
350 809 426 872 adeo
444 829 516 872 oum
539 806 649 871 comici
674 805 816 870 versibus
839 804 993 868 consentit
1008 810 1043 866 ut
1058 824 1095 866 ex
1112 803 1219 866 eodem

33 917 131 977 lente
167 918 335 993 utrumque
372 908 500 972 fluxisse
535 908 603 972 luce
634 906 676 968 sit
705 905 827 970 elarius
872 905 930 968 Sed
962 924 1021 968 non
1053 903 1142 966 modo
1164 902 1220 967 lroo

31 1014 153 1097 ἡδέως
176 1013 231 1091 ζῆν
260 1009 340 1072 καθ’
361 1008 505 1092 ἡμέραν,
539 1007 584 1080 εἰς
612 1005 727 1090 eripior·
756 1011 793 1073 dd
823 1010 907 1094 μηδὲ
939 1012 1121 1094 φρυντίζειν
1154 1005 1224 1073 ὅτι

35 1115 144 1176 ἔσται
169 1111 359 1197 Epicureum
382 1120 580 1194 praeceptum
605 1121 669 1191 est,
703 1113 755 1176 sed
780 1110 948 1188 etiamid,
980 1112 1060 1195 quod
1094 1111 1222 1176 divitias

36 1233 233 1278 converrere
255 1218 415 1292 vetamur,
438 1210 476 1275 ad
500 1231 572 1273 eum
597 1231 651 1277 nos
675 1212 812 1294 delegat,
836 1232 897 1295 qua
918 1212 957 1275 de
980 1232 1011 1274 re
1034 1211 1111 1274 alibi
1135 1211 1225 1296 plura

38 1313 149 1378 verba
169 1311 249 1374 mihi
271 1309 414 1374 facienda
434 1318 515 1374 sunt.
529 1309 554 1391 ¹)
598 1311 663 1376 Hoc
685 1312 751 1376 loco
773 1311 874 1377 obiter
895 1334 964 1378 eam
984 1333 1225 1376 commemorer-e

39 1412 180 1493 sul'ficit,
202 1419 238 1475 ut
256 1410 414 1492 refellam,
447 1410 473 1474 si
497 1410 568 1494 quis
590 1411 789 1498 Aristippum
815 1433 881 1476 esse
911 1413 1027 1476 fontem
1061 1411 1227 1495 fragmenti

42 1512 241 1577 contendere
274 1510 361 1575 velit.
405 1511 588 1597 Aristippus
617 1512 701 1576 enim
732 1511 854 1576 divitiis
879 1511 1054 1578 maximum
1082 1512 1228 1576 attribuit

44 1619 261 1676 momentum.
306 1611 367 1674 Sed
398 1611 493 1676 etiam
517 1611 633 1676 haedo
659 1633 690 1676 re
715 1610 864 1697 postea.²)
906 1612 1101 1678 Philetaerus
1123 1622 1227 1677 autem

46 1713 109 1777 etsi
137 1711 269 1790 mediae,
294 1733 373 1795 quae
395 1712 509 1791 fertur,
544 1713 719 1778 comoediae
740 1712 980 1796 adnumeratur,
1002 1721 1108 1778 tamen
1132 1735 1229 1798 usque

46 1813 88 1876 ad
113 1833 216 1876 novae
238 1819 379 1895 tempora
400 1810 482 1875 vixit
504 1820 534 1876 et
556 1813 595 1876 ab
617 1812 751 1898 Epicuro
771 1812 889 1876 discere
913 1812 1023 1897 potuit.

139 1913 221 1976 Cum
243 1911 335 1975 initio
357 1911 484 1976 Lucreti
508 1920 671 1994 versuum,
695 1933 772 1996 quos
797 1911 1029 1996 exscripsimus,
1061 1911 1138 1976 bene
1160 1933 1230 1977 cou-

52 2013 157 2078 sentit
180 2011 344 2076 Menandri
366 2013 457 2095 lrgm.
480 2013 544 2076 410
566 2012 665 2094 (Koelr
689 2013 736 2077 Ill
760 2033 828 2097 pag.
854 2010 944 2092 120):

271 2105 316 2164 ἀεὶ
335 2105 365 2162 τὸ
384 2108 490 2164 λυποῦν
508 2105 647 2166 <inertiores
667 2110 716 2166 τοῦ
733 2113 802 2181 βίου·

269 2194 374 2269 μικρόν
393 2215 419 2249 τι
439 2192 469 2249 τὸ
488 2199 549 2266 ῥίου
568 2199 615 2250 καὶ
634 2194 733 2252 στενὸν
752 2196 841 2269 ζῶμεν
856 2199 966 2270 χρόνον.

53 2287 177 2350 Eadem
201 2285 285 2349 enirn
307 2284 490 2366 admonitio,
513 2306 607 2368 quam
630 2287 712 2371 apud
735 2285 917 2351 Lucretium
939 2285 1083 2369 legimus,
1107 2294 1232 2372 propter

53 2387 145 2451 vitae
177 2385 362 2449 brevitatem
391 2406 430 2448 ne
460 2384 547 2448 luctu
571 2405 625 2449 nos
655 2386 886 2466 excr·uciemuS‚
919 2385 951 2449 in
982 2385 1038 2450 hoe
1059 2387 1232 2468 fragmento

56 2485 151 2551 nobis
174 2483 317 2566 occurrit,
350 2485 430 2568 quod
453 2485 490 2548 ad
514 2485 704 2570 Epicureum
727 2487 845 2552 iontem
868 2507 903 2550 ea
925 2485 963 2549 de
983 2506 1075 2554 eausa
1098 2486 1232 2549 referen-

56 2588 136 2651 dum
159 2593 215 2649 est.

144 2685 388 2769 Requirentibus
409 2693 514 2750 eutem
537 2685 656 2750 similia
679 2686 809 2750 Plautus
830 2706 952 2770 quoque
974 2684 1135 2750 nonnullis
1158 2684 1233 2748 locis

57 2789 158 2851 oll'ert.
204 2787 377 2870 Compouas
400 2786 538 2870 primum
563 2785 707 2851 Bacchid.
731 2808 760 2850 v.
783 2787 919 2869 1192sq.
942 2785 1112 2849 Bacchides
1135 2805 1233 2848 mere·

57 2887 154 2951 trices
172 2886 233 2949 duo
251 2906 350 2966 sense,
373 2885 581 2949 Philoxenum
598 2893 629 2949 et
650 2886 847 2964 Nicobulum,
871 2885 1017 2970 pellicere
1034 2892 1161 2950 conatae
1184 2884 1232 2948 illi

59 2986 190 3071 quidem
220 2985 311 3049 lauile
341 2985 545 3070 persuadent,
579 2986 631 3050 hio
662 2986 753 3050 initio
784 2985 920 3067 resistit,
950 2993 1017 3049 tum
1050 3006 1146 3070 paene
1170 2985 1232 3049 iam

63 3085 262 3169 obsequitur:

64 3189 154 3254 Caput
171 3185 272 3253 prurit:
299 3182 375 3252 perii.
400 3182 444 3235 rix
463 3185 562 3252 negito.

62 3275 143 3338 Tum
164 3291 298 3337 sorores:
327 3276 386 3330 Non
405 3277 454 3329 tibi
474 3279 591 3330 venitin
611 3282 733 3340 mentem.
752 3283 855 3342 amabo,

63 3375 91 3427 Si
114 3371 174 3423 dum
193 3371 265 3423 vivas
284 3371 333 3424 tibi
352 3371 525 3438 benefacias,
544 3377 597 3426 tarn
617 3373 665 3442 pol
681 3375 707 3426 id
727 3375 833 3443 quidem
849 3391 907 3428 esse
921 3375 991 3428 haud
1007 3373 1226 3442 perlonginquom

63 3461 156 3528 Neque
174 3458 196 3510 si
215 3457 264 3510 hoc
283 3458 361 3510 hodie
380 3459 509 3526 amiseris,
529 3465 589 3527 post
607 3461 635 3513 in
654 3466 736 3513 morte
755 3461 782 3513 id
802 3469 956 3514 eventurum
971 3477 1029 3514 esse
1047 3458 1193 3528 umquam?
1232 3516 1239 3530 ,

66 3546 156 3609 nude
177 3544 323 3608 Pseudoli
344 3566 373 3608 v.
391 3546 451 3610 682
471 3567 517 3630 sq.
561 3547 731 3611 Pseudolus
754 3550 891 3613 multum
914 3550 978 3612 iam
1000 3547 1236 3632 philosophatus

66 3647 161 3709 finem
183 3644 273 3708 facit:

170 3744 250 3797 Stulti
269 3745 421 3798 hauscimus
441 3745 540 3800 frustra
560 3750 590 3798 ut
608 3747 706 3813 simus,
734 3764 812 3816 quom
833 3747 897 3815 quid
916 3747 1054 3814 cupienter
1073 3745 1130 3800 dari

171 3831 287 3883 Petimus
306 3832 398 3884 nobis:
419 3833 495 3900 quasi
515 3833 578 3901 quid
598 3833 626 3884 in
647 3849 699 3884 rem
721 3833 756 3884 sit
777 3835 909 3901 possimus
928 3849 1046 3886 noscere.

172 3916 249 3970 Gerta
268 3918 405 3984 mittimus,
419 3918 486 3980 dum
507 3919 608 3971 incerta
627 3920 750 3988 petimus.
789 3924 868 3988 atque
888 3920 937 3972 hoo
956 3920 1043 3971 evenit

173 4003 311 4057 inlabere
331 4008 411 4072 atque
429 4005 457 4056 iu
477 4005 576 4072 dolore,
594 4010 625 4056 ut
644 4020 713 4057 mors
733 4006 843 4074 obrepat
862 4006 976 4058 interim.

71 4118 262 4130 ...—

140 4173 165 4241 1)
183 4173 222 4227 cf.
238 4190 299 4244 pag.
317 4172 350 4225 39
368 4190 407 4243 sq.

140 4262 167 4331 2)
186 4260 225 4314 el.
244 4277 305 4332 pag.
325 4260 367 4314 73.
