3140 5068
541 381 747 447 ...53-

53 569 202 624 attamen
224 582 348 647 semper
368 562 517 628 benevolo
537 563 642 628 auimo
664 563 732 627 siue
756 565 944 630 morositate.
987 565 1100 630 Contra
1124 571 1230 628 autem

52 661 182 724 amicus
192 661 287 726 emioi
301 663 384 726 iusta
394 663 558 747 opprobria
568 664 721 748 patienter
728 663 868 748 accipere
876 665 968 730 debet
977 665 1078 750 iisque
1090 665 1228 748 obsequi.

164 762 229 825 lum
269 761 455 827 Aristoteles
505 763 583 827 hano
629 763 803 828 duatriusm
852 767 1008 850 professus
1048 775 1112 846 est3
1157 765 1229 829 Eth.

52 860 127 925 Nic.
154 862 230 925 VIII
253 863 319 943 6‚7
352 862 413 944 τήν
442 861 554 944 φιλίαν
582 869 687 946 μέσην
717 853 802 926 εἶναι
829 863 997 938 κολακείας
1025 863 1080 927 καὶ
1108 865 1231 945 ἔχθρας

52 960 139 1026 dicit
160 969 192 1025 et
214 961 284 1025 Eth.
310 961 550 1045 Nio.1X1⁴2,3:
572 963 593 1046 ἡ
615 962 653 1025 δὲ
675 964 741 1025 τῶν
760 963 912 1027 ἐπιεικῶν
934 964 1056 1049 (φιλία)
1079 961 1230 1048 ἐπιεικής,

52 1065 328 1145 σοναοξανομίνη
349 1065 421 1135 ταῖς
441 1060 588 1142 ὁμιλίαις.
631 1062 764 1128 δοκοῦσι
780 1062 819 1126 δὲ
836 1063 891 1126 καὶ
903 1063 1051 1146 βελτίους
1070 1068 1218 1146 γενέσθαι

50 1163 260 1244 ἐνεργοῦντες
281 1161 336 1224 καὶ
358 1162 571 1243 διορθοῦντες
584 1162 750 1247 ἀλλήλους.
787 1162 1038 1244 α’πομάνιοιται
1058 1165 1119 1246 γάρ
1140 1164 1219 1245 παρ’

49 1261 205 1346 ἀλλήλων
227 1253 274 1336 οἷς
292 1261 498 1344 ἀρέσκονται,
516 1258 600 1326 ὅθεν

401 1358 509 1416 ἐσθλῶν
525 1359 579 1434 μὲν
597 1356 652 1433 γὰρ
671 1356 718 1414 ‹in'
737 1360 831 1415 ἔσθλα.

51 1453 139 1516 Tum
171 1450 401 1536 Theophrastus
433 1450 518 1514 idem
553 1450 704 1536 postulet,
749 1451 830 1534 quod
874 1451 994 1535 liquido
1031 1459 1160 1537 apparet
1192 1472 1230 1515 ex

52 1551 140 1616 Leel.
165 1553 222 1617 88:
253 1548 339 1613 Nam
361 1557 388 1614 et
408 1550 557 1614 monendi
590 1551 685 1614 amici
706 1570 799 1634 saepe
819 1557 893 1614 sant
923 1559 950 1614 et
972 1549 1171 1634 obinrpandi,
1204 1558 1232 1615 et

55 1651 137 1715 haee
158 1651 340 1731 οοοίρίιιιιίο
363 1651 471 1731 amice,
494 1671 562 1714 cnm
585 1649 724 1714 benevole
742 1649 832 1732 finnt.
876 1651 915 1714 89
944 1649 1006 1715 Sed
1028 1651 1132 1715 nescia
1153 1671 1227 1732 qno·

53 1751 151 1815 moda
172 1771 281 1815 veram
303 1757 356 1826 est,
378 1751 461 1835 qnod
480 1751 515 1814 in
538 1750 671 1815 Andria
691 1751 870 1832 familiaris
891 1770 977 1814 inens
999 1749 1094 1815 dicit:

231 1851 387 1919 obsequium
407 1851 514 1916 amieos,
533 1851 631 1903 veritas
651 1849 740 1903 odium
759 1851 837 1919 parit.

53 1945 197 2009 Molesta
226 1945 361 2025 ueritas,
393 1946 424 2008 si
454 1945 577 2030 quidem
609 1964 646 2007 ee
674 1965 710 2008 ca
739 1946 885 2009 nascitnr
912 1945 1037 2024 odiam,
1069 1945 1153 2027 qnod
1181 1949 1227 2009 est

52 2065 207 2110 cenenum
230 2045 397 2125 amicitiae,
419 2045 476 2108 seat
497 2044 675 2129 obsequium
693 2045 790 2108 malta
806 2044 972 2125 molestias,
996 2045 1079 2132 qnod
1089 2047 1226 2126 peccatis

52 2145 228 2229 indalqens
243 2146 449 2228 praecipitem
468 2146 604 2209 amicum
624 2143 707 2222 ferri
727 2146 821 2225 sinit;
844 2146 985 2209 manime
1007 2153 1111 2209 antem
1132 2147 1226 2230 culpa

53 2247 94 2308 in
116 2265 165 2322 eo,
193 2245 249 2329 qui
272 2251 299 2308 et
323 2244 484 2309 ueritatem
514 2252 705 2330 aspernatur
733 2252 759 2308 et
780 2246 983 2324 intrantem
1013 2246 1155 2332 obsequio
1176 2247 1225 2309 in-

48 2345 196 2431 pellitur.
241 2342 335 2408 Omni
352 2345 452 2430 iqitnr
472 2344 532 2409 tae
553 2346 588 2409 in
611 2367 646 2408 re
667 2345 812 2410 habenda
834 2348 915 2410 ratio
935 2353 962 2410 et
982 2346 1149 2428 ditipentia
1170 2352 1225 2424 est,

53 2446 197 2530 primam
220 2450 254 2508 nt
281 2445 412 2508 monitio
434 2445 614 2524 oceanas,
640 2446 753 2510 deinde
781 2453 816 2510 nt
845 2446 1019 2533 obinrqatio
1040 2446 1225 2511 contumelia

55 2552 180 2622 eoreat;
208 2545 243 2608 in
265 2545 408 2625 obsequio
430 2552 550 2624 antem,
581 2547 732 2627 qnoniam
755 2545 944 2612 Terentiano
974 2546 1064 2610 aerbo
1095 2545 1226 2610 libenter

56 2647 188 2724 utimar,
211 2646 340 2709 comitas
354 2644 449 2722 adsit,
465 2646 647 2722 adsentatio
671 2648 820 2712 uitiorum
834 2647 988 2726 adiutrice,
1008 2647 1118 2730 procul
1140 2667 1224 2711 ama·

57 2751 178 2825 ceatur,
200 2766 281 2832 qnae
301 2766 365 2810 non
386 2746 477 2810 modo
499 2747 615 2826 amico,
645 2748 699 2812 sed
718 2768 757 2812 ne
779 2746 874 2812 libero
896 2747 1021 2832 quidem
1041 2746 1140 2828 diqna
1161 2754 1224 2811 est:

58 2846 156 2911 aliter
164 2848 327 2910 enimcum
339 2852 485 2930 tyranno,
505 2846 599 2911 aliter
609 2869 679 2911 cum
691 2849 791 2911 amico
803 2848 927 2912 cicitur.
959 2848 999 2911 90
1012 2847 1110 2912 Cnins
1121 2854 1224 2911 antem

58 2966 157 3010 aures
178 2947 303 3010 mansae
320 2948 444 3011 ceritati
465 2955 549 3027 sunt,
580 2956 614 3012 nt
637 2949 676 3012 ab
698 2949 796 3012 amico
818 2968 926 3012 verum
948 2948 1062 3012 andire
1082 2955 1223 3032 nequeat,

58 3047 156 3111 hnins
175 3047 264 3110 satns
286 3046 485 3132 desperanda
507 3053 568 3122 est3
597 3049 711 3112 scitnm
739 3054 783 3112 est
811 3049 894 3112 eninr
912 3047 994 3113 ittnd
1017 3046 1162 3129 Catonis,
1191 3053 1225 3111 nt

58 3145 175 3211 inulta:
201 3145 333 3228 „melius
355 3147 393 3212 de
413 3148 602 3233 quibusdam
624 3149 748 3214 acerbos
768 3149 911 3214 inimicos
929 3149 1044 3214 mereri
1065 3167 1160 3234 qnam
1176 3167 1226 3211 eos

60 3249 186 3326 amicas,
209 3249 263 3332 qni
281 3247 388 3312 dulces
402 3247 591 3312 rideantur:
614 3250 685 3313 illos
699 3271 806 3313 omnm
821 3268 914 3332 saepe
934 3249 1046 3326 dicere,
1067 3248 1224 3312 hasnum-

59 3349 186 3434 qnom.“
230 3350 333 3432 Atque
348 3347 431 3412 itlnd
448 3347 631 3427 absurdum,
648 3350 732 3431 qnod
747 3351 782 3429 ii,
801 3351 856 3435 qni
872 3354 1049 3427 monentur,
1071 3368 1139 3411 cam
1161 3368 1223 3412 mo·

60 3448 197 3526 Iastium,
226 3468 322 3529 qnam
344 3449 452 3513 debent
473 3470 598 3535 capere,
628 3471 692 3515 non
715 3451 861 3532 capiant,
894 3470 963 3513 eam
984 3450 1129 3533 capiant,
1161 3470 1225 3530 qna

60 3549 169 3614 debent
189 3569 319 3626 uacare3
340 3569 484 3634 peccasse
498 3553 579 3614 enim
596 3571 630 3615 sa
646 3572 710 3616 non
727 3557 900 3634 onpnntnr,
923 3537 1087 3633 obinrqari
1103 3549 1226 3614 moleste

59 3649 182 3728 ferant:
207 3649 289 3730 qnod
305 3656 416 3714 cantra
429 3651 593 3736 oportebat,
617 3652 726 3717 delicta
741 3651 853 3727 dolere,
874 3650 1062 3715 correctione
1075 3649 1224 3731 pondere.

61 3752 99 3813 91
129 3749 167 3814 Ut
188 3751 294 3832 iqitnr¹
307 3756 336 3814 et
353 3772 478 3816 monere
497 3758 526 3816 et
541 3754 661 3818 maneri
676 3754 843 3837 proprium
861 3760 1011 3816 estserae
1026 3751 1184 3815 amicitiae
1199 3756 1225 3813 et

61 3852 193 3914 atterum
216 3848 312 3915 tibere
331 3851 452 3932 facere,
483 3873 547 3916 non
573 3872 700 3937 aspere,
729 3854 865 3916 atterum
890 3853 1049 3932 patienter
1077 3851 1224 3934 accipere,

62 3969 125 4014 non
147 3957 374 4036 repnqnanter,
404 3953 449 4016 sic
469 3951 648 4016 habendum
670 3959 712 4016 est
733 3953 856 4018 nnllam
886 3954 922 4016 in
943 3951 1091 4016 amicitiis
1106 3955 1225 4036 pestem

63 4068 125 4114 esse
153 4050 303 4113 maiorem
331 4073 428 4136 qaam
448 4051 681 4129 adectotionem,
714 4051 922 4132 blanditiem,
958 4051 1226 4128 adsentationem

64 4151 204 4228 quamvis
226 4151 309 4215 enim
328 4151 438 4216 meltis
460 4154 639 4218 nominibus
658 4161 703 4218 est
723 4153 779 4218 hoe
794 4154 904 4217 uitium
919 4151 1093 4216 notandam
1111 4151 1225 4216 teriam

62 4248 219 4316 hominnm
250 4256 343 4334 atqne
368 4251 554 4336 fallacinm,
585 4254 630 4319 ad
660 4255 851 4318 volantatem
880 4251 1073 4334 loquentiam
1104 4251 1221 4330 omnia,
