3140 5068
815 420 1022 484 ..40-

337 619 458 683 eorpus,
481 597 604 662 divitiis
625 621 687 663 non
705 604 829 663 tantum
853 599 975 676 tribuit,
997 606 1151 684 quantum
1171 621 1189 662 a
1211 598 1422 683 philosopho,
1456 595 1499 678 qui

339 720 497 763 summum
533 700 648 763 bonnm
666 699 715 762 ¹in
747 699 907 784 voluptate
947 700 1098 784 ponebat,
1141 698 1384 783 exspectandum
1429 703 1506 760 esset.

340 799 448 882 Neque
475 796 561 862 enim
588 798 750 881 ignorabat
781 820 1003 885 saepenumero
1032 799 1159 863 divitias
1189 807 1311 863 tantum
1345 798 1507 862 abessent

341 897 482 963 homines
505 898 670 968 redderent
688 898 792 963 beatos
809 921 977 984 eorumque
992 900 1139 964 tollerent
1160 919 1333 978 aerumnas,
1357 906 1394 962 ut
1418 896 1507 962 multo

340 999 473 1063 maiores
496 997 537 1062 iis
558 998 705 1062 afferrent
723 999 892 1064 molestias.

435 1098 479 1162 cf.
514 1099 604 1180 srgm.
639 1100 701 1163 479
733 1098 939 1185 (Porphyrius
972 1099 1011 1164 ad
1045 1097 1226 1162 Marcellam
1254 1099 1294 1162 28
1327 1118 1356 1181 p.
1387 1097 1466 1176 208,
1479 1095 1506 1157 ll

342 1195 481 1279 Nauolr):
516 1197 630 1262 πολλοὶ
657 1201 716 1264 τοῦ
743 1197 887 1262 πλούτου
916 1198 1068 1279 τυχόντες
1088 1192 1129 1261 οίί
1151 1196 1210 1259 τιν’
1232 1193 1435 1278 α’παλλαγὴν
1455 1198 1508 1255 τῶι·

342 1300 449 1358 κακῶν
478 1285 679 1382 eriperemur*
710 1299 896 1385 praepatuit·
926 1298 1088 1381 μειζόνων.

427 1397 467 1462 Et
489 1395 579 1484 lrgm.
602 1399 665 1463 480
686 1398 812 1485 (Porph.
834 1402 873 1465 ad
898 1401 992 1466 Mare.
1014 1401 1054 1462 29
1083 1421 1113 1484 p.
1136 1399 1206 1480 209,
1219 1396 1269 1478 5):
1304 1396 1340 1471 ἐξ
1362 1396 1508 1478 ἐργασίας

343 1493 525 1579 δηριῶδονς
554 1497 669 1571 οὐσίας
697 1504 759 1578 μὲν
788 1500 919 1585 πλῆθος
940 1498 1128 1578 σοιρειίεται,
1157 1502 1226 1578 βίος
1247 1496 1287 1560 δὲ
1307 1497 1509 1576 ταλαίπωρος

344 1601 548 1662 συνίσταται.

426 1700 536 1784 ltaque
568 1700 602 1765 in
635 1700 757 1764 divitiis
789 1701 935 1786 parandis
956 1721 1083 1764 auream
1112 1698 1236 1762 tenebet
1265 1695 1508 1761 mediocritatem

347 1805 378 1862 et
400 1808 569 1882 egestatem
595 1800 722 1885 quidem
745 1801 846 1865 vitare
865 1802 1018 1878 studebat,
1041 1798 1154 1863 laetam
1173 1806 1277 1862 autem
1298 1805 1507 1882 paupertatem

346 1899 513 1983 optandam
537 1921 603 1964 esse
635 1900 854 1964 existimabat:
886 1910 1008 1965 tantum
1032 1899 1240 1984 expetendum
1264 1905 1327 1978 est,
1361 1905 1507 1981 quantun

346 1999 383 2062 ad
401 1998 500 2063 vitam
518 2000 689 2082 degendam
707 2003 926 2082 necessarium,
950 2001 1031 2065 nihil
1054 1999 1201 2085 amplius,
1223 1998 1347 2082 quodsi
1363 1998 1507 2062 habemus

347 2121 403 2164 neo
424 2099 511 2164 deest
533 2108 694 2165 contentus
717 2100 878 2186 laetusque
900 2101 1034 2178 animus,
1057 2099 1142 2165 beati
1163 2119 1281 2165 sumne.

431 2199 476 2263 ef.
500 2201 590 2282 frgm.
613 2201 674 2265 475
697 2200 829 2285 (Seneca
850 2223 899 2287 ep.
923 2205 951 2280 2,
976 2203 1026 2278 5l:
1059 2199 1260 2264 Hodiernum
1281 2197 1336 2263 ίιοο
1359 2204 1402 2262 eet
1433 2197 1508 2280 quod

348 2299 437 2383 apud
457 2298 637 2379 Epicurum
659 2308 793 2366 paudus
814 2322 901 2366 eum:
934 2303 1015 2365 soleo
1045 2303 1128 2365 mim
1151 2307 1178 2364 et
1209 2301 1244 2362 iu
1273 2301 1381 2364 atiena
1410 2305 1508 2361 caetra

349 2400 486 2462 transire
528 2420 593 2463 aea
624 2407 785 2486 tamquam
827 2401 997 2484 traaasupa
1039 2401 1094 2465 sed
1130 2407 1291 2486 tamquam
1327 2401 1507 2484 raptaretur.

349 2497 507 2578 Honesta,
540 2501 665 2586 iuquit,
694 2521 744 2565 rae
777 2511 822 2566 est
854 2510 938 2567 taeta
966 2508 1150 2586 paupertas.
1201 2499 1269 2564 Illa
1291 2520 1368 2564 ‘uero
1390 2521 1454 2562 aaa
1474 2507 1509 2561 eet

345 2597 536 2683 paupertae,
568 2601 598 2663 si
627 2601 709 2664 laetu
739 2609 791 2666 eet.
835 2601 909 2667 Nou
935 2605 990 2686 qui
1009 2625 1131 2688 parum
1159 2602 1249 2667 habet
1277 2601 1331 2666 sed
1360 2601 1414 2685 qul
1441 2601 1509 2685 plus

350 2700 435 2784 eupit
454 2719 580 2785 pauper
599 2711 651 2764 eet.

433 2799 513 2864 Nota
536 2808 610 2863 sunt
632 2801 688 2865 illa
708 2801 878 2866 Horatiana
907 2805 997 2887 frgm.
1019 2805 1080 2868 472
1102 2802 1164 2887 (ep.
1188 2803 1203 2866 l
1227 2802 1275 2883 10,
1297 2797 1370 2880 32);

557 2899 631 2966 Fuge
649 2916 754 2968 magna.
784 2901 846 2954 lieet
865 2903 914 2954 sub
937 2918 1053 2971 paupere
1073 2906 1141 2955 tecto

559 2985 645 3054 Reges
665 2991 691 3040 et
709 3004 801 3055 regum
821 2989 876 3041 vita
897 3005 1065 3057 praecurrere
1085 2990 1191 3042 amieos.

352 3079 383 3136 et
405 3073 497 3154 frgm.
520 3074 581 3137 473
604 3071 666 3158 (ep.
690 3075 705 3137 l
728 3075 757 3156 2,
777 3073 851 3156 46):

560 3170 635 3234 Quod
655 3174 720 3226 satis
740 3182 780 3226 est
798 3174 841 3227 eui
861 3175 999 3242 contingit,
1019 3175 1084 3228 nihil
1104 3174 1217 3243 amplius
1236 3176 1318 3241 optet.

352 3258 481 3323 Prorsus
499 3259 607 3323 eadem
629 3267 760 3326 monent
779 3268 885 3346 poetae
904 3261 1032 3326 comici:
1054 3284 1089 3325 aa
1104 3261 1243 3345 primurn
1259 3281 1310 3324 eos
1325 3258 1402 3323 looos
1416 3253 1510 3338 inspi-

353 3357 481 3439 ciamus
498 3359 612 3443 quibus
630 3360 758 3424 divitias
770 3382 861 3446 saepe
880 3383 1008 3444 magnas
1023 3361 1182 3426 molestias
1199 3361 1319 3424 efficere
1336 3359 1509 3423 affirmatur.

436 3459 480 3523 cf.
505 3459 668 3524 Menandri
691 3464 780 3544 lrgm.
804 3464 844 3527 90
865 3460 966 3545 (Kook
989 3463 1036 3528 Ill
1060 3483 1127 3546 pag.
1150 3458 1221 3541 28):

562 3557 681 3618 πλοῦτος
698 3557 728 3612 δὲ
746 3559 854 3612 πολλῶν
873 3556 1044 3632 ε’πικιίλυμμ’
1062 3557 1137 3614 ἐστὶν
1157 3557 1258 3613 κακῶν·

354 3645 393 3709 Et
415 3644 556 3711 eiusdem
577 3649 667 3728 frgm.
690 3648 749 3712 281
771 3647 872 3730 (Kook
894 3651 941 3714 lll
964 3670 1031 3734 pag.
1057 3647 1130 3729 79):

548 3741 627 3817 ᾤμην
646 3741 700 3816 ἐγὼ
720 3743 784 3807 τοὺς
805 3748 959 3810 πλουσίους,
979 3734 1000 3800 d
1021 3745 1125 3812 Φανία,

551 3824 592 3892 οἷς
609 3828 648 3904 μὴ
669 3835 699 3886 τό
716 3833 893 3897 δανείζεσθαι
914 3832 1070 3906 πρόσεστιν,
1090 3828 1123 3886 ου’
1140 3831 1250 3886 στένειν

550 3912 599 3978 ada
617 3917 721 3980 νύκτας
739 3916 803 3974 aride*
820 3920 1028 3993 στρεφομένους
1045 3917 1102 3973 ἅνω
1121 3917 1196 3972 aduro

550 4005 627 4077 οἴμοι
646 4005 751 4077 λέγειν,
772 4001 840 4079 ἡδδν
858 4006 888 4061 δὲ
907 4008 954 4061 καὶ
972 4003 1062 4078 πρᾷόν
1082 4024 1144 4060 τινα

554 4087 643 4146 ὕπνον
661 4092 816 4148 καθεύδειν
836 4089 916 4164 [alat
936 4091 988 4146 τῶν
1006 4091 1119 4164 πτωχῶν
1138 4091 1222 4158 τινα].

552 4181 615 4233 νυνὶ
633 4178 662 4234 δὲ
681 4182 728 4234 καὶ
747 4176 812 4240 τοὺς
829 4183 985 4253 μακαρίους
1004 4177 1192 4249 καλουμένους

552 4265 625 4341 epac
643 4263 697 4340 δρῶ
714 4267 869 4328 πονοῦντας
888 4263 955 4339 ἡμῖν
974 4264 1092 4339 ε’μφερῆ.
