3140 5068
812 439 1019 506 ..33-

328 639 422 683 nem
441 617 547 684 asinoe
566 625 598 683 et
620 618 713 684 boves
743 626 906 704 empturus
940 621 1000 703 sit,
1031 620 1108 706 quin
1137 642 1189 686 ece
1216 631 1309 689 antee
1340 625 1452 690 viderit.
1464 623 1485 706 ¹)

330 719 413 782 ‘lum
435 740 475 784 ne
495 740 531 783 ec
553 719 680 804 quidem
705 719 797 798 mala,
830 741 909 803 quae
932 741 970 786 err
992 721 1164 786 mulierum
1186 723 1385 808 impudicitia
1403 735 1482 808 atque

331 818 462 903 pertidia
481 819 647 900 exsistunt,
660 817 686 901 ²)
717 819 799 904 apud
822 819 968 885 Plautum
993 821 1208 887 inveniuntur.
1251 823 1287 888 Id
1310 834 1410 889 autem
1431 826 1482 888 iam

335 918 473 984 uidimus
492 919 642 986 nonnulle
659 941 783 1002 eorum,
813 942 892 1005 quae
922 942 961 986 ex
982 921 1187 1006 Theophrasti
1218 923 1298 988 libro
1320 925 1483 1008 deprompta

329 1027 419 1095 sunt,
453 1018 521 1084 sire
548 1020 708 1086 sententia
742 1021 821 1086 flexa
861 1021 929 1086 sive
957 1042 1075 1088 conexu
1097 1030 1217 1092 mutato
1247 1024 1341 1108 paulo
1368 1024 1483 1090 alitere

327 1127 416 1205 poeta
433 1121 564 1188 lorrnatc
582 1141 657 1184 esse.
705 1121 813 1205 ltaque
836 1142 1026 1206 quamquam
1048 1122 1098 1186 hic
1113 1123 1211 1214 libere
1227 1124 1267 1188 ad
1281 1124 1482 1210 philosophum

328 1240 361 1285 sc
392 1218 584 1306 applicavit,
613 1231 718 1286 tamen
745 1221 821 1287 adeo
850 1242 888 1286 ex
918 1242 953 1286 eo
985 1222 1115 1306 pendet,
1146 1233 1181 1288 ut
1210 1223 1433 1310 Theophrasteo
1452 1246 1483 1286 eu

328 1320 409 1388 libre
430 1343 539 1388 versus
567 1321 708 1390 Plautini
730 1321 808 1405 quin
840 1321 990 1386 fluxerint
1011 1322 1099 1388 nullo
1120 1324 1212 1390 modo
1233 1325 1371 1391 dubitari
1391 1325 1481 1410 possit.

413 1422 472 1487 Sed
506 1424 581 1507 quid
612 1444 776 1488 commune
812 1421 904 1487 habet
945 1443 1015 1488 cum
1051 1424 1213 1510 Aristippo
1245 1423 1482 1510 Theophrastus?
1539 1439 1540 1454 ³

331 1523 496 1588 Hominem
522 1523 737 1608 Aristippeum
761 1523 786 1586 si
811 1524 980 1609 depingere
1000 1523 1101 1586 uoluit
1123 1533 1222 1608 pocta,
1246 1547 1322 1589 num
1347 1525 1482 1590 doctrinas

330 1624 577 1710 Theophrasteas
605 1646 675 1689 eum
716 1625 924 1709 proferentem
961 1627 1060 1690 lacere
1091 1626 1217 1709 potuit?
1253 1648 1330 1692 num
1367 1626 1482 1690 eundem

331 1724 488 1791 hominem
508 1725 640 1790 duorum
658 1723 922 1810 philosophorum,
947 1725 1001 1808 qui
1019 1723 1106 1789 nullo
1124 1725 1248 1791 uinculo
1270 1725 1354 1791 inter
1374 1749 1405 1791 se
1425 1747 1481 1790 cou-

330 1825 430 1889 iuncti
464 1834 568 1906 eraut,
608 1831 825 1888 assentatorem
859 1822 962 1908 potuit
994 1825 1123 1889 reddere
1157 1833 1252 1909 atque
1285 1827 1481 1912 discipulum?

330 1925 416 2002 Quod
438 1947 509 1989 cum
532 1925 669 2010 primum
693 1945 817 2010 prorsus
840 1924 922 1988 mihi
944 1925 1104 1988 videretur
1125 1925 1328 2006 incredibile,
1352 1947 1481 2012 quaeren-

329 2025 405 2090 dum
439 2025 518 2090 mihi
543 2046 609 2089 esse
632 2025 812 2104 censebam,
847 2045 924 2088 uum
959 2024 1022 2088 iam
1044 2025 1228 2110 Aristippus
1261 2026 1480 2092 matrimonium

329 2125 410 2190 inire
433 2125 585 2190 vetuisset
602 2125 781 2210 discipulos.
825 2125 934 2208 Neque
955 2131 1061 2188 tamen
1084 2125 1220 2188 vetuisse
1238 2125 1373 2191 videtur.
1415 2126 1479 2190 Nam
1540 2127 1541 2190 l

322 2243 428 2310 neque
446 2238 630 2304 argumenta
653 2224 739 2309 potui
758 2224 910 2304 iuvenire,
934 2225 1048 2309 quibus
1062 2225 1119 2289 hoc
1135 2233 1238 2310 posset
1254 2227 1336 2291 effici
1359 2226 1480 2309 (vetabat

327 2346 401 2390 sane
423 2325 591 2410 Epicurus3
624 2324 675 2388 sed
701 2323 831 2409 Epicuri¹
857 2323 906 2388 his
936 2324 969 2387 in
998 2325 1090 2388 rebus
1119 2324 1243 2389 oracula
1272 2347 1310 2389 ex
1334 2324 1482 2410 Cyrenaico

327 2425 497 2510 uoluptatis
512 2433 641 2510 patrono
661 2423 812 2500 derivare,
835 2423 890 2487 ubi
908 2431 1003 2488 testes
1022 2423 1118 2487 silent
1135 2431 1311 2508 tacentque,
1330 2448 1389 2490 non
1406 2422 1481 2490 lacile

325 2523 438 2605 audeo)
462 2546 564 2609 neque
577 2523 775 2608 Aristippum
791 2522 894 2606 ipsum
918 2522 1064 2588 habuisse
1087 2545 1213 2588 uxorem
1229 2523 1389 2609 filiamque
1410 2524 1481 2606 igno·

326 2645 441 2690 ramus.
492 2623 622 2690 Accedit
644 2631 748 2686 autem
771 2621 865 2686 etiam
889 2621 963 2688 hoc:
997 2623 1148 2708 epistulas
1171 2623 1242 2688 illas
1263 2624 1481 2699 Socraticorum,

327 2746 406 2810 quae
430 2732 594 2803 uocantur,
627 2723 741 2808 quibus
772 2743 865 2808 supra
894 2723 932 2786 ad
963 2723 1267 2804 argumentationem
1298 2724 1347 2787 usi
1379 2742 1480 2796 sumus
1541 2775 1542 2812 ,

327 2847 388 2890 non
420 2846 486 2888 esse
510 2823 662 2906 genuinas
696 2821 766 2906 quis
789 2831 836 2886 est
872 2821 949 2905 quin
971 2821 1072 2886 sciat?
1116 2823 1176 2887 Sed
1207 2823 1355 2908 quoniam
1384 2823 1412 2886 id
1432 2818 1481 2884 sibi
1541 2821 1542 2842 ³

327 2924 381 3008 qui
403 2924 595 3010 scripserunt
625 2929 866 3007 proposuerunt,
898 2928 933 2985 ut
956 2921 1112 3006 Aristippi
1141 2922 1306 3003 ingenium
1335 2939 1481 3004 moresque

327 3024 366 3088 iis
391 3024 618 3100 describerent,
652 3021 737 3087 idem
767 3020 933 3086 consilium
960 3021 1058 3088 secuti
1081 3023 1161 3105 quod
1187 3022 1324 3090 comicus
1354 3029 1437 3108 poeta
1455 3018 1482 3080 in

327 3124 428 3189 Milite
452 3124 600 3201 Glorioso,
624 3143 724 3206 neque
747 3129 852 3186 tamen
876 3141 1009 3206 usquam
1027 3142 1099 3187 eum
1122 3121 1277 3186 inducunt
1300 3118 1483 3188 matrimonia

325 3224 574 3301 dissuadentem,
609 3222 704 3287 etiam
727 3222 784 3287 hae
814 3223 851 3286 de
876 3242 967 3286 causa
991 3221 1164 3286 verisimile
1187 3221 1278 3286 debet
1301 3221 1400 3286 videri
1422 3215 1483 3283 Ari·

324 3324 466 3410 stippum
483 3323 649 3410 discipulis
674 3343 802 3388 uxorem
821 3323 933 3386 ducere
950 3320 1138 3407 permisisse.
1183 3322 1291 3405 Itaque
1311 3320 1391 3386 nihil
1411 3314 1483 3382 aliud

329 3432 424 3490 restat
445 3423 506 3489 nisi
532 3431 568 3488 ut
590 3432 725 3488 statuam
749 3431 872 3508 poetam
904 3421 1075 3503 comicum,
1105 3421 1248 3505 quamvis
1270 3418 1426 3507 Aristippi
1445 3416 1483 3480 iu-

327 3523 429 3587 delem
450 3521 549 3586 animi
567 3522 748 3607 ingeniique
764 3522 934 3586 attribuere
949 3520 1105 3586 studuerit
1115 3519 1378 3605 Periplecomcno‚
1393 3527 1484 3584 tamen

329 3622 461 3687 hauoda
478 3623 677 3687 matrimonio
697 3621 942 3709 disputationem
957 3620 1059 3684 alieno
1074 3643 1112 3684 ex
1129 3622 1212 3684 fonte
1227 3641 1294 3684 esse
1311 3627 1483 3686 mutuatum.

413 3724 451 3786 Et
480 3722 556 3786 haec
585 3723 712 3808 quidem
736 3723 894 3786 hactenus.
939 3720 1003 3784 Sub
1026 3721 1119 3784 sunem
1147 3726 1254 3783 autem
1277 3719 1372 3785 huius
1392 3718 1485 3801 dispu-

329 3823 456 3888 tationis
489 3822 582 3887 liceat
611 3822 690 3886 mihi
722 3823 760 3886 de
783 3821 896 3885 Militis
919 3819 1050 3884 Gloriosi
1081 3818 1217 3904 exempli
1240 3827 1364 3884 auctore
1385 3819 1484 3882 Gracco

331 3923 537 3988 coniecturam
559 3923 704 4008 proferre,
728 3943 805 4006 quae
828 3921 1059 4006 Theophrastea
1076 3919 1216 3983 doctrina
1232 3929 1386 4004 quantum
1409 3915 1483 3981 valu-

330 4023 390 4087 erit
418 4024 451 4087 in
476 4024 532 4088 hac
554 4023 658 4088 fabula
689 4023 836 4108 qnoniam
866 4021 1015 4101 vidimus,
1047 4019 1247 4109 inpromptu
1271 4018 1484 4086 mihividetur

333 4143 520 4264 ‘cose
539 4196 581 4250 cc.

400 4283 426 4352 c)
445 4283 487 4336 cr.
503 4283 519 4354 ς
538 4283 579 4338 sa
