3140 5068
525 462 730 524 ...Π-

129 640 287 707 Inusitata
298 643 434 726 profecto
450 646 543 726 atque
553 638 709 705 mirabilis
727 639 788 704 fnit
803 636 891 704 illiue
902 638 1002 704 animi
993 639 1173 706 mobilitas
1185 648 1217 706 et

50 742 179 807 dextt
104 742 164 807 teri
166 750 294 827 tesqua
303 740 540 806 omnibusvitae
552 739 786 806 condicionibus
798 759 831 804 se
843 725 1074 804 accommodare
1083 748 1214 836 poterat.

220 842 312 896 Omnis
332 841 498 910 Aristippum
518 840 608 895 decuit
626 839 698 894 color
717 842 743 892 et
761 842 847 892 status
866 841 892 892 et
911 854 952 892 ras

218 929 361 998 Temptant
362 942 402 979 ern
422 928 530 994 maiora,
549 926 603 979 fere
623 927 809 996 praesentibus
828 941 956 994 aequum:

49 1016 89 1080 sic
108 1016 216 1082 laudat
236 1037 309 1080 eum
331 1014 479 1079 Horatius
501 1034 548 1099 ep.
561 1015 577 1078 Ι
591 1016 637 1093 17,
659 1013 762 1091 23124,
786 1019 817 1076 et
836 1012 991 1094 Diogenes
1013 1011 1155 1078 Laertius
1168 1003 1215 1080 'de

50 1139 80 1182 eo
102 1117 181 1182 dicit
202 1117 234 1182 ΙΙ
256 1117 312 1180 66:
344 1103 386 1198 ἢν
407 1112 437 1176 d'
458 1111 567 1186 ἱκανὸς
595 1111 816 1194 ἁρμόσασθαι
839 1113 893 1175 καὶ
917 1111 1010 1194 τόπῳ
1032 1113 1086 1176 καὶ
1108 1113 1215 1196 χρόνῳ

49 1217 97 1280 καὶ
120 1211 291 1297 προσώπῳ
316 1215 371 1276 καὶ
399 1219 516 1278 πᾶσαν
544 1219 742 1295 περίστασιν
772 1212 937 1294 ἁρμοδίως
958 1212 1216 1294 ὑποκρίνασθαι.

50 1317 95 1380 διὸ
126 1317 181 1380 καὶ
212 1316 303 1397 παραὶ
327 1311 489 1396 Διονυσίῳ
518 1315 585 1377 τῶν
615 1309 724 1377 ἄλλων
746 1312 910 1395 εὐδοκίμει
929 1303 1056 1396 pallos
1091 1314 1145 1377 o'ei
1177 1316 1216 1379 cd

51 1417 242 1498 προσπεσόν
257 1404 296 1478 ed
311 1415 550 1495 διατιθέμενος.
577 1414 699 1479 Ibidem
716 1415 782 1500 ipse
800 1416 838 1481 de
854 1437 891 1479 ca
905 1414 1215 1510 regloriatur1168:

51 1516 224 1600 ἐρωτηθεὶς
240 1519 275 1579 τί
288 1515 379 1595 αὐτῷ
397 1524 600 1595 περιγέγονεν
620 1513 655 1576 εἰι
672 1514 876 1597 φιλοσοφίας,
899 1516 971 1599 ἔφη·
992 1515 1030 1578 τό
1046 1515 1217 1581 δύνασθαι

50 1621 130 1681 πᾶσι
154 1619 365 1697 θαρροῦντος
383 1613 519 1695 ὁμιλεῖν.

126 1734 219 1798 Haud
242 1732 362 1798 minore
385 1739 491 1796 autern
506 1729 693 1796 dexteritate
709 1731 982 1816 Peripleoomenus
1000 1739 1056 1798 est.
1101 1733 1216 1799 Videas

50 1833 143 1913 modo,
168 1855 263 1919 quam
285 1832 387 1897 multa
407 1831 462 1895 ille
484 1837 640 1916 praestare
663 1830 770 1916 possit,
795 1852 985 1916 quamquam
1004 1831 1069 1897 iam
1089 1833 1216 1917 grandis

52 1940 120 1998 natu
143 1932 208 1998 est!

219 2033 255 2084 ΑΓ
273 2001 380 2101 quidem
398 2031 463 2084 illuc
482 2032 578 2085 aetatis
597 2030 698 2102 quisit
718 2046 773 2083 non
791 2030 912 2084 invenies
931 2029 1042 2084 alterum

218 2119 385 2188 Lepidiorem
404 2117 437 2171 ad
458 2119 543 2172 omnis
559 2134 610 2184 res,

52 2204 124 2270 dicit
156 2205 328 2272 Pleusicles
358 2227 388 2271 v.
419 2205 600 2288 659-660,
640 2201 692 2268 cui
723 2222 819 2268 senex
845 2203 913 2289 ipse
944 2225 1005 2270 non
1037 2206 1218 2292 obloquitur

53 2327 80 2369 v.
102 2308 284 2371 eei-668:

153 2407 221 2459 Tute
241 2421 281 2458 me
299 2408 330 2458 ut
347 2405 448 2457 fateare
467 2404 562 2457 faciam
582 2419 641 2458 esse
660 2404 858 2458 adulescentem
878 2370 1010 2459 moribus.

150 2492 190 2546 lta
209 2491 281 2561 apud
302 2491 387 2545 omnis
406 2491 556 2560 conparebo
575 2491 626 2544 tibi
645 2507 687 2545 res
707 2491 852 2546 benefactis
873 2491 1007 2560 frequens.

149 2579 258 2647 Opusne
278 2579 327 2631 erit
346 2578 395 2632 tibi
414 2578 543 2631 advocato
562 2578 642 2646 tristi,
660 2577 809 2632 iracundo?
835 2594 895 2632 ecce
914 2594 963 2631 me.

150 2666 259 2734 Opusne
278 2663 353 2717 leni?
380 2664 506 2718 leniorem
526 2663 597 2718 dices
617 2680 695 2732 quam
714 2667 843 2717 mutumst
861 2680 946 2717 mare:

150 2749 421 2820 liquidiusculusque
440 2767 484 2804 ero
504 2767 582 2820 quem
601 2754 697 2804 ventus
718 2754 758 2803 est
776 2750 907 2804 favonius.

149 2837 199 2890 Vel
219 2836 417 2890 hilarissumum
434 2838 571 2890 convivam
591 2837 654 2890 hinc
672 2836 789 2890 indidem
806 2853 958 2906 expromam
977 2838 1027 2892 tibi

149 2923 198 2976 Vel
219 2923 372 2992 primarium
392 2925 539 2992 parasitum
557 2928 638 2992 atque
656 2923 842 2977 obsonatorem
861 2928 1007 2992 optumum.

149 3011 216 3063 Tum
236 3008 270 3062 ad
290 3008 440 3062 saltandum
459 3025 514 3063 non
532 3009 659 3063 cinaedus
678 3009 795 3063 malaeus
813 3014 923 3078 aequest
942 3014 1021 3080 atque
1040 3027 1098 3080 ego.
1173 3074 1176 3080 ,
1199 3076 1200 3080 ¹

56 3095 186 3170 Quarum
208 3095 419 3192 sollertiarum
442 3096 507 3168 iam
524 3096 678 3182 plurimas
698 3096 732 3160 in
747 3096 810 3161 alio
826 3118 945 3162 conexu
964 3099 1003 3162 ad
1015 3099 1215 3185 Aristippum

54 3195 161 3261 reicere
184 3196 353 3282 potuimus.
397 3197 490 3261 Porro
514 3217 622 3261 versus
641 3218 762 3282 quoque
785 3198 845 3262 642
868 3197 928 3262 huc
952 3198 1104 3283 pertincte
1175 3257 1177 3270 =
1221 3245 1223 3250 -

154 3369 157 3376 Ι
255 3295 303 3349 Vel
323 3294 460 3352 cavillator
477 3296 580 3350 facetus
598 3295 638 3349 vel
659 3297 770 3350 conviva
789 3296 942 3352 commodus

254 3381 326 3436 Idem
346 3398 399 3436 ero.

54 3463 151 3535 Etiam
180 3470 218 3534 de
246 3470 400 3551 „conviva
419 3461 600 3535 commodo“
630 3469 694 3534 iam
723 3491 756 3533 sa
758 3469 799 3534 tis
758 3470 925 3535 tverba
948 3472 1028 3536 facta
1054 3479 1144 3556 sunt,
1178 3472 1215 3542 de

56 3571 272 3646 „cavillatione
292 3578 347 3635 aut
349 3591 399 3634 em
418 3567 537 3634 faceta‘
558 3590 656 3655 pauca
674 3569 787 3668 addere
805 3569 911 3635 velim.
956 3571 1007 3635 lnt
994 3580 1041 3636 ter
1057 3583 1215 3657 praestan·

55 3667 187 3746 tissimas
210 3671 295 3762 enim
319 3668 418 3734 Arist
395 3668 477 3753 tippi
508 3670 607 3734 virtut
608 3691 640 3734 es
663 3661 731 3734 sine
754 3669 847 3734 dubio
876 3670 971 3734 haef
957 3671 1085 3736 facetiae
1108 3693 1220 3738 uume-

55 3769 161 3834 randae
184 3777 275 3848 sont,
308 3769 642 3835 etiunumerabiliaf
628 3774 691 3834 fere
714 3770 794 3835 salse
817 3778 847 3834 et
867 3771 1007 3836 aculeato
1028 3771 1112 3836 dicte
1133 3772 1214 3856 apud

55 3869 145 3956 script
146 3893 214 3937 ores
232 3871 397 3958 invenies,
427 3892 505 3956 quae
529 3870 584 3935 ille
607 3871 765 3936 occasione
788 3872 912 3942 datae
933 3871 1165 3960 elegantissime
1186 3882 1217 3935 et

55 3970 192 4066 prudent'
184 3970 292 4057 issima
310 3970 547 4062 pronuntiavit.
600 3972 738 4048 Quorum
768 3971 954 4037 nonnulla'
946 3993 1009 4037 ram
1042 3971 1215 4061 attigimus,

57 4060 171 4162 similia
192 4061 300 4162 autem
310 4071 403 4156 a'pud
426 4070 596 4154 Diogenem
619 4071 710 4136 facile
731 4073 964 4162 reperiuntur.
1032 4117 1034 4121 ,

132 4188 211 4253 Conf
209 4208 301 4254 eras
299 4194 395 4273 prae
396 4208 467 4252 crea
498 4186 614 4252 Socrat
591 4195 643 4252 t.ro
681 4209 740 4274 ep.
758 4188 820 4254 XlI
859 4142 989 4286 (Simon
1021 4189 1109 4258 Arist
1096 4188 1221 4276 tippc)r

57 4286 142 4350 ἔσται
159 4289 231 4352 δὲό
252 4287 474 4374 σωᾳρονισιής
488 4289 554 4350 τῶν
573 4285 728 4370 ἀφρόνων
745 4288 837 4369 opor·
839 4277 993 4356 corderii
1002 4290 1169 4357 Aearcde‘r
1172 4312 1215 4373 ης
