3140 5068
816 443 1021 534 ..38-

338 666 449 727 ιιυυρος
472 642 636 728 οίμολόγει·
659 647 743 710 τίδ’
765 647 823 711 ουίι
846 648 980 730 ἔμελλεν
1002 648 1100 721 αὐτὰς
1131 643 1216 710 οὕτω
1240 651 1397 729 σπαργῶν
1420 673 1508 729 περι-

338 750 448 830 μανεῖς
479 745 533 809 καὶ
566 745 745 830 σφαδᾴζων
779 749 860 829 πρὸς
892 748 998 824 δόξαν
1029 745 1116 811 ὥστε
1146 795 1231 814 .....
1245 785 1255 816 ι
1285 749 1441 831 γράφειν,
1478 751 1508 823 dg

340 844 497 930 Κωλώτης
534 849 596 928 μὲν
627 845 729 910 αὐτόν
772 846 1030 931 φυσιολογοῦντα
1067 846 1323 931 προσκυνήσειεν
1362 848 1508 930 γονάτων·
1549 867 1550 880 ’

340 947 525 1037 ιίψοίμενος,
542 946 686 1033 Νεοκλῆς
707 947 744 1010 δὲ
765 946 783 1009 ὁ
805 946 949 1030 α’δελφός
966 946 1070 1020 aridulo
1090 949 1125 1010 ἐκ
1142 950 1272 1011 παίδων
1287 948 1508 1032 ἀποφαίνοιτο

340 1045 467 1130 μηδένα
490 1042 681 1129 σοφώτερον
699 1046 887 1128 Ἐπικούρου
909 1055 1071 1128 γεγονέναι
1092 1045 1167 1130 μηδ’
1190 1039 1284 1128 εἶναι,
1305 1049 1325 1133 'l
1347 1049 1386 1112 δὲ
1404 1049 1507 1134 μήτηρ

340 1145 484 1229 α’τόμσυς
505 1147 602 1226 ἔσχεν
623 1145 659 1208 ἐν
681 1144 765 1230 αὐτῇ
783 1144 963 1227 τοσαύτας,
996 1137 1062 1210 οἷαι
1086 1148 1309 1213 συνελθοῦσαι
1337 1151 1449 1233 σοφὸν
1475 1147 1508 1213 ἄν

342 1244 539 1329 &dromonem

425 1371 510 1448 Quod
533 1392 604 1436 cum
627 1371 695 1456 ipse
717 1371 870 1457 Epicurus
892 1377 972 1436 teste
993 1371 1160 1438 Plutarcho
1184 1395 1253 1438 curn
1277 1373 1425 1438 iactantia
1449 1397 1506 1439 me-

344 1470 522 1560 moraverit,
544 1493 667 1537 necesse
690 1482 737 1536 est
760 1493 833 1536 eum
856 1471 936 1536 illud
960 1473 1172 1537 contendisse:
1196 1495 1256 1538 non
1278 1483 1379 1538 aetate
1401 1495 1505 1539 verum

343 1571 470 1656 ingenio
491 1571 643 1658 apiscitur
666 1571 828 1658 sapientia.

426 1689 517 1753 Nihil
539 1695 642 1754 autem
666 1691 704 1754 ad
726 1689 914 1774 sapientiam
937 1688 1120 1772 capiendam
1138 1697 1273 1753 aetatem
1292 1689 1396 1754 valere
1416 1691 1507 1755 etiam

344 1789 417 1856 iude
435 1790 545 1872 elucet,
565 1791 645 1874 quod
663 1790 827 1876 sapientia,
849 1788 1040 1872 simulatque
1057 1796 1146 1874 capta
1163 1797 1219 1866 est,
1241 1811 1342 1875 neque
1362 1811 1505 1877 umquam

344 1889 449 1955 amitti
471 1887 627 1976 potest,¹)
649 1912 781 1976 neque
802 1899 939 1955 aetate
961 1887 1147 1972 augerw)

428 2007 519 2072 Dicet
550 2006 708 2092 quispiam
738 2007 899 2072 Lactantio
927 2013 1006 2070 teste
1031 2005 1149 2070 Stoicos
1178 2026 1300 2090 quoque
1331 2007 1416 2072 idem
1449 2010 1505 2073 fere

345 2107 495 2172 docuisse.
539 2107 626 2184 Quod
655 2127 844 2191 quamquam
875 2105 920 2170 ita
949 2115 1012 2183 est,
1047 2115 1152 2170 tamen
1182 2127 1238 2170 nos
1267 2106 1421 2192 impedire
1453 2129 1505 2172 non

345 2214 455 2292 potest,
478 2207 645 2291 quominus
666 2208 704 2271 ad
729 2207 897 2293 Epicurum
921 2226 1029 2270 versus
1047 2205 1209 2272 Plautinos
1231 2209 1412 2286 referamus,
1436 2229 1505 2293 quos

345 2327 416 2372 cum
438 2307 694 2372 antecedentibus
715 2317 780 2372 tam
806 2317 872 2370 arte
894 2307 1073 2372 coniunctos
1097 2306 1249 2385 videmus,
1272 2316 1307 2372 ut
1328 2308 1388 2372 duo
1412 2310 1505 2372 sontes

346 2413 482 2472 statuere
500 2407 669 2473 absurdum
693 2407 744 2473 sit.

428 2523 494 2587 Iam
526 2522 651 2588 Graecis
681 2523 779 2609 poetis
808 2523 934 2587 comicis
966 2522 1040 2587 haec
1068 2522 1225 2587 sententia
1256 2524 1388 2607 placuit,
1429 2537 1465 2589 ut
1493 2547 1505 2588 e

348 2622 514 2686 Menandri
535 2625 708 2706 fragmento
731 2623 791 2688 639
813 2622 1025 2706 cognoscimus
1048 2622 1145 2702 (Koclr
1172 2623 1217 2686 lIl
1241 2645 1308 2708 pag.
1334 2627 1419 2698 190):

555 2733 606 2810 οὐ’χ
625 2740 652 2791 οἱ
671 2739 762 2811 τρίχες
778 2738 910 2791 ποιοῦσιν
928 2739 958 2790 αἱ
976 2738 1073 2791 λευκαὶ
1092 2743 1217 2808 φρονεῖν,
1268 2743 1270 2750 “

555 2818 645 2878 dtt’o‘
668 2819 769 2898 τρόπος
787 2821 869 2878 ἐνίων
888 2820 945 2877 ἐστὶ
964 2821 998 2898 τῇ
1018 2817 1101 2891 φύσει
1121 2821 1220 2896 γέρων.

431 2929 589 3014 Sequitur,
613 2942 648 2994 ut
669 2929 707 2993 de
731 2927 927 2994 Curculionis
952 2950 979 2992 v.
1002 2928 1042 2993 23
1065 2949 1110 3012 sq.
1133 2927 1352 3013 disceptemus.

450 3035 583 3104 Numquid
603 3041 641 3106 tu,
660 3029 782 3113 quaerit
803 3028 972 3093 Palinurus
996 3051 1034 3093 ex
1057 3029 1182 3093 domino
1204 3029 1403 3111 Phaedromo,

663 3129 732 3198 quod
752 3133 778 3182 te
798 3133 845 3180 aut
863 3143 958 3196 genere
977 3126 1115 3195 indignum
1137 3129 1171 3180 sit
1187 3134 1241 3196 tuo,

451 3217 528 3271 Facis
547 3222 594 3271 aut
613 3217 734 3286 inceptas
752 3215 857 3269 lacinus
876 3215 971 3280 iacere,
990 3213 1173 3267 Phaedrome?

452 3303 520 3357 Num
540 3309 569 3357 tu
588 3303 701 3373 pudicae
721 3303 856 3371 quoipiam
875 3301 987 3355 insidias
1007 3300 1078 3353 loeas

451 3399 506 3448 Aut
524 3413 601 3464 quam
620 3396 743 3465 pudicum
762 3411 821 3448 esse
840 3393 965 3464 oportet?
984 3393 1097 3460 Nemini,
1116 3388 1328 3453 Phaedromus
1341 3387 1503 3472 respondet,

451 3487 506 3540 Nec
525 3503 565 3540 me
583 3487 628 3540 ille
648 3487 706 3540 sirit
724 3488 851 3556 Iuppiter.

449 3573 529 3636 Tum
555 3573 739 3638 Palinurus:
766 3581 821 3650 Ego
841 3583 904 3636 item
923 3581 997 3636 volo:

453 3671 493 3724 Ita
512 3677 583 3726 tuom
603 3673 721 3728 conserto
740 3691 827 3729 amare
847 3695 958 3748 semper,
977 3679 998 3730 si
1018 3677 1100 3746 sapis,

453 3759 491 3810 Ne
510 3759 536 3811 id
557 3760 626 3827 quod
646 3778 726 3826 ames,
745 3763 861 3832 populus
880 3765 902 3817 si
922 3765 999 3829 sciat,
1017 3764 1065 3817 tibi
1085 3763 1119 3816 sit
1138 3765 1243 3833 probro.

454 3844 563 3912 Semper
582 3853 682 3912 curato,
700 3865 734 3901 ue
752 3850 789 3902 sis
808 3850 978 3904 intestabilis

366 3926 424 3983 Pir:
452 3929 521 3994 Quid
539 3932 611 3985 istud
630 3938 671 3986 est
689 3935 783 3988 uerbi?
819 3933 874 3988 rc:
904 3936 985 3989 Caute
1005 3942 1034 3989 ut
1052 3937 1160 3990 incedas
1179 3937 1236 3988 via:

454 4016 529 4080 Quod
548 4035 621 4072 amas
641 4025 729 4074 amato
750 4022 863 4076 testibus
882 4023 1075 4091 praesentibus.

352 4137 544 4147 ———

421 4217 447 4286 r)
466 4218 504 4272 cr.
523 4219 598 4288 mog.
617 4220 646 4274 c.
665 4220 692 4274 x
712 4217 769 4274 117.

421 4306 448 4373 a)
468 4306 506 4359 or.
524 4308 599 4376 arog.
615 4307 644 4362 c.
663 4308 690 4362 x
710 4307 767 4361 rac.
789 4307 845 4360 145.
