3140 5068
762 385 968 448 -24..

280 563 349 628 Quin
368 565 526 618 incommodi
545 564 606 634 plus
624 565 739 634 malique
758 563 818 616 iiico
838 561 917 628 adsit,
936 561 998 615 boni
1017 563 1039 614 si
1059 563 1155 631 optigit
1174 565 1246 634 quid.

278 651 345 705 Nam
364 667 412 720 ego
431 651 458 704 id
476 667 548 704 nunc
566 653 688 722 experior
706 651 783 704 domo
802 655 882 719 atque
897 650 957 717 ipsa
976 649 1008 702 de
1028 666 1068 702 me
1087 651 1150 716 scio,
1169 653 1231 721 quoi
1250 652 1374 722 voluptas

279 737 424 807 Parumpcr
442 738 539 805 datast,
560 738 621 791 dum
643 739 692 790 riri
713 738 763 790 mei
782 737 845 789 mihi
865 740 984 804 potestas
1004 737 1111 790 videndi
1130 738 1181 790 luit

279 825 388 877 Noctem
407 841 486 878 unam
506 823 598 878 modo:
617 828 696 893 atque
714 824 737 877 is
757 829 865 892 repente
883 822 949 875 abiit
968 840 984 876 a
1001 840 1042 876 me
1062 824 1124 877 hinc
1142 829 1203 878 ante
1221 826 1315 880 lucem.

280 911 343 964 Sola
356 911 399 964 hic
412 911 475 964 milri
487 927 559 963 nunc
572 910 671 976 videor,
690 911 752 978 quia
767 909 812 962 ille
829 910 891 963 hinc
907 910 991 972 abest,
1010 926 1086 978 quem
1104 927 1152 978 ogo
1163 929 1221 966 amo
1232 920 1336 982 praetor
1345 933 1456 970 omnes.

280 997 344 1050 Plus
362 998 434 1066 aegri
453 1013 485 1049 ex
504 997 579 1049 abitu
597 996 647 1048 viri
666 1012 744 1064 quam
764 1012 796 1048 ex
815 996 930 1048 adventu
950 996 1093 1064 voluptatis
1112 998 1179 1066 cepi.

281 1084 379 1148 Nemo
409 1091 513 1148 autem
536 1082 679 1167 magistri
710 1083 748 1146 de
769 1083 929 1168 voluptate
954 1091 984 1147 et
1013 1084 1116 1148 dolore
1137 1094 1220 1150 recte
1243 1087 1457 1155 aestimandis

281 1190 445 1268 praccepta
466 1183 641 1248 accuratius
663 1182 805 1248 observat
828 1204 922 1267 quam
935 1183 1089 1266 Lysiteles
1110 1185 1144 1250 in
1166 1187 1362 1270 Trinummo,
1387 1213 1458 1274 quo

282 1282 544 1368 obtemporantior
566 1281 739 1367 discipulus
756 1282 810 1346 vix
833 1289 934 1367 potest
956 1284 1094 1367 cogitari.

365 1383 411 1448 Cf.
435 1405 464 1448 v.
487 1381 547 1447 223
569 1403 614 1466 sq.

490 1480 590 1536 Multas
608 1498 651 1535 res
670 1482 760 1535 simitu
778 1482 806 1534 in
825 1497 882 1535 meo
902 1482 980 1535 corde
1000 1499 1085 1551 corso,

490 1569 602 1622 Multum
622 1570 650 1622 in
669 1569 810 1637 cogitando
830 1569 945 1622 dolorem
965 1570 1118 1639 indipiscor.

490 1656 601 1725 Egomet
620 1673 660 1709 me
679 1672 762 1724 coquo
784 1660 810 1708 et
828 1673 932 1709 macero
950 1661 976 1709 et
994 1657 1123 1726 deletigo:

491 1743 617 1811 Magister
635 1742 699 1795 mihi
718 1743 848 1796 exereitor
868 1743 972 1795 animus
991 1761 1062 1797 nunc
1082 1749 1130 1798 est.

494 1829 546 1882 Sed
566 1829 615 1882 hoc
633 1845 687 1882 non
705 1829 789 1897 liquet
806 1845 893 1897 neque
912 1831 977 1883 satis
997 1831 1176 1898 cogitatumst,

493 1915 583 1968 Utram
602 1916 692 1985 potius
712 1915 803 1967 harum
822 1915 887 1967 mihi
906 1922 987 1969 artem
1007 1923 1182 1985 expetessam,

493 2002 584 2055 Utrum
604 2002 686 2054 aetati
705 2001 827 2069 agundae
846 2002 959 2055 arbitrer
976 2003 1131 2056 firmiorem:

493 2089 603 2142 Amorin
623 2088 681 2141 med
700 2105 734 2141 an
753 2089 791 2141 rei
810 2089 920 2157 obsequi
939 2090 1029 2158 potius
1048 2106 1096 2158 par
1115 2091 1158 2143 sit.

493 2175 559 2228 Utra
577 2176 606 2228 in
625 2179 700 2243 parte
719 2174 780 2243 plus
799 2174 834 2227 sit
852 2175 997 2244 voluptatis
1015 2177 1085 2229 vitae

494 2261 536 2314 Ad
556 2264 668 2314 aetatem
685 2260 825 2328 agundam.

196 2373 199 2380 ’
288 2350 366 2413 Ecce
394 2369 539 2431 magnam
559 2347 639 2411 hanc
661 2347 884 2431 quaestionem,
919 2355 1020 2412 utram
1043 2348 1127 2413 vitae
1147 2350 1300 2415 rationem
1330 2351 1456 2436 deligat,

291 2447 442 2532 Lysiteles
464 2469 500 2512 ea
517 2456 638 2511 tantum
656 2447 693 2510 de
709 2469 801 2511 causa
818 2448 878 2513 sibi
895 2449 1046 2533 proponit,
1070 2450 1152 2533 quod
1174 2471 1268 2534 quam
1284 2451 1455 2516 maximam

289 2547 460 2632 voluptatis
483 2547 603 2632 copiam
626 2548 750 2632 assequi
772 2549 850 2612 vult.
895 2549 975 2626 Quid
997 2557 1103 2613 autem
1120 2549 1308 2614 constituit?

359 2647 395 2700 De
414 2647 464 2700 hac
482 2663 510 2699 re
528 2647 592 2699 mihi
611 2648 676 2699 satis
693 2647 746 2700 hau
764 2647 861 2716 liquet:
886 2649 938 2701 nisi
958 2650 1008 2702 hoc
1027 2650 1065 2701 sic
1083 2649 1188 2715 faciam,
1206 2651 1309 2718 opinor,

359 2733 395 2786 Ut
412 2738 551 2801 utramque
569 2749 622 2785 rem
642 2733 720 2787 simul
739 2738 871 2802 exputem,
890 2734 970 2786 iudex
989 2736 1038 2788 sim
1060 2752 1171 2806 reusque
1192 2736 1225 2789 ad
1244 2753 1300 2789 earn
1320 2753 1383 2789 rem.

361 2819 401 2872 lta
420 2819 532 2882 faciam
551 2819 589 2872 ita
607 2819 702 2888 placet.

293 2907 340 2971 Ao
363 2927 446 2970 nunc
465 2905 504 2969 de
526 2926 631 2970 amore
652 2906 887 2992 philosophatur
910 2906 1052 2971 versibus
1073 2907 1145 2972 inde
1166 2908 1278 2973 abest
1300 2912 1459 2993 usquead

294 3006 355 3070 269
377 3013 408 3069 et
428 3004 621 3090 voluptatem
646 3007 801 3091 quandam
824 3027 862 3070 ex
883 3027 917 3070 eo
940 3007 1008 3071 sine
1030 3007 1125 3072 dubio
1147 3030 1234 3092 posse
1256 3009 1375 3073 hauriri
1400 3011 1459 3074 etsi
1554 3026 1555 3031 ’

294 3128 355 3171 non
376 3115 484 3189 negat:

433 3203 596 3273 Quamquam
616 3205 680 3258 illud
701 3209 742 3259 est
760 3206 845 3270 dulce,
864 3223 922 3261 esse
941 3211 967 3260 et
987 3207 1075 3260 bibere
1092 3207 1128 3274 (v.
1146 3206 1217 3274 259),

295 3300 399 3357 tamen
430 3291 626 3356 incommoda
654 3293 753 3358 multo
782 3315 848 3358 esse
878 3295 995 3360 maiora
1024 3294 1188 3378 intellegit.
1232 3295 1348 3360 Videas
1371 3297 1462 3361 modo

296 3391 541 3465 innumerabilia
560 3393 633 3472 lere,
657 3414 735 3477 quae
758 3393 942 3478 investigat,
965 3397 1065 3460 mala:

435 3492 583 3561 Numquam
604 3509 677 3546 amor
696 3510 852 3564 quemquam
871 3497 924 3550 nisi
944 3495 1068 3564 cupidum
1090 3495 1221 3548 hominem

434 3578 556 3632 Postulat
574 3595 602 3632 se
621 3581 648 3632 in
668 3580 760 3648 plagas
780 3583 912 3636 conicere:

436 3666 488 3719 Eos
507 3667 590 3735 cupit,
609 3682 654 3719 eos
673 3672 849 3729 consectatur,
869 3669 980 3724 subdole
999 3670 1032 3721 ab
1052 3685 1079 3721 rc
1098 3668 1226 3721 consulit:

436 3751 713 3822 Blandiloquentulus,
732 3756 858 3824 harpago,
878 3756 999 3820 mendax,

437 3839 552 3908 Cuppae,
571 3856 675 3905 avarus,
694 3846 810 3912 elegans,
830 3842 999 3911 despoliator,

436 3931 662 3986 Latobricolarum
682 3932 815 3984 hominum
835 3933 974 3998 corruptor

437 4019 557 4073 Blandus
576 4019 663 4088 inops,
682 4017 794 4070 celatum
814 4018 961 4082 indagator.

439 4108 504 4160 Nam
526 4106 570 4175 qui
590 4109 661 4158 amat
680 4105 749 4174 quod
771 4109 841 4158 amat
862 4118 940 4173 quom
960 4103 1090 4171 externplo

438 4193 524 4248 Saviis
543 4193 678 4261 sagittatis
696 4192 857 4262 perculsust,

438 4280 503 4334 Ilico
522 4295 564 4333 res
583 4279 654 4332 ieras
672 4279 781 4349 labitur,
797 4280 918 4351 liquitur.
