3140 5068
821 455 1023 518 ..10-

422 631 555 708 Quinam
585 641 659 697 sunt
686 632 845 710 hominm,
878 655 955 718 qnos
977 633 1057 718 qnod
1089 632 1192 714 diem,
1223 641 1362 711 noctem,
1399 631 1511 696 solem.
1545 704 1546 708 η

341 730 446 795 lunam
469 753 634 796 aerumnas
656 731 818 798 hominnm
842 734 945 798 levare
963 754 1050 818 posse
1067 734 1231 812 considant,
1254 733 1366 798 stultos
1390 733 1510 796 iudicat
1545 733 1546 740 ’

339 830 501 910 Charinus,
537 841 724 916 etquenam
757 834 796 898 de
829 855 921 898 musa
950 833 1051 897 illisce
1081 833 1261 898 notionibus
1291 843 1409 896 tantam
1448 832 1512 895 vim

340 931 541 996 attribuunt?
594 935 676 1010 Quas
708 934 734 997 si
767 935 895 1000 omnino
935 934 1056 1018 aliquid
1094 932 1197 996 valere
1230 932 1421 996 credendum
1457 946 1512 1010 est,

340 1040 474 1096 mentem
499 1033 702 1097 strationem
727 1035 840 1098 habere
861 1035 993 1114 debent,
1016 1034 1073 1098 hoc
1095 1043 1142 1097 est
1164 1033 1195 1097 di
1218 1032 1394 1118 accipiendi
1419 1047 1513 1108 sunt;

338 1141 370 1196 et
392 1133 487 1197 inisse
511 1133 593 1198 inter
612 1134 758 1217 antiquos
780 1135 995 1219 philosophos,
1019 1134 1073 1218 qui
1098 1135 1176 1197 hanc
1199 1133 1328 1218 professi
1350 1133 1417 1196 sint
1443 1153 1512 1196 sen·

336 1233 485 1313 tentiam,
515 1234 592 1297 satis
622 1243 729 1298 notum
752 1243 808 1298 est.
853 1236 893 1300 L't
917 1235 1210 1314 Anaximandrum,
1234 1233 1414 1313 Platonem,
1439 1232 1512 1296 Ari-

337 1333 490 1413 stotelem,
512 1343 629 1397 ceteros
641 1334 796 1412 omittam,
819 1334 885 1398 illis
897 1334 1100 1420 temporibus
1123 1335 1238 1419 quibus
1250 1357 1329 1399 nova
1341 1331 1512 1410 comoedia,

339 1455 418 1518 quae
440 1442 581 1511 vocatur,
604 1434 724 1512 floruit,
747 1433 843 1498 Stoici
865 1444 897 1498 et
919 1434 977 1498 soli
1000 1445 1031 1498 et
1054 1435 1146 1499 lunae
1169 1445 1201 1499 et
1221 1443 1322 1499 terrae
1343 1445 1375 1498 et
1397 1431 1513 1497 ceteris

338 1532 493 1598 sideribus
518 1556 578 1598 non
607 1534 709 1599 solnm
735 1535 888 1599 rationem
918 1543 1133 1618 montemque,
1165 1536 1218 1600 sed
1249 1535 1345 1598 etiam
1367 1534 1510 1597 divinam

339 1643 481 1698 natrrram
504 1645 724 1719 apposuerunt.

423 1735 469 1798 cf.
492 1735 650 1799 Ciceronis
668 1736 697 1798 d.
717 1735 747 1799 d.
767 1757 798 1799 u.
819 1733 900 1798 139:
932 1731 1004 1796 Iam
1027 1754 1096 1796 aero
1119 1731 1330 1818 Chrysippus,
1351 1735 1408 1820 qni
1431 1733 1511 1796 snt-

336 1853 445 1897 corum
482 1835 676 1898 somniorum
721 1834 926 1914 vaferrumus
966 1833 1100 1898 habetur
1141 1835 1311 1917 interpres,
1359 1853 1510 1917 maynurn

335 1933 460 1996 turbam
499 1940 664 2019 mnprepat
697 1935 874 2013 innatorum
913 1932 1061 2013 deorum,
1103 1942 1197 2015 utqrae
1236 1935 1281 1997 ita
1320 1935 1508 2019 ipnotorum,
1547 1926 1548 1992 i

336 2040 371 2096 ut
399 2054 448 2097 eas
476 2056 514 2098 ne
543 2036 724 2098 coniectura
750 2036 876 2116 quidem
906 2033 1082 2115 informare
1105 2036 1283 2119 possimus,
1320 2056 1390 2097 cnrrr
1421 2051 1509 2097 mens

336 2141 447 2197 nostra
477 2135 604 2216 prridois
630 2135 778 2199 videntur
806 2135 990 2216 capitatione
1012 2154 1102 2216 posse
1131 2135 1315 2219 depinpere:
1347 2136 1393 2197 ait
1425 2135 1508 2199 enim

337 2235 400 2296 cim
420 2234 564 2298 dir-inam
594 2235 629 2299 in
656 2237 781 2298 ratione
803 2256 868 2298 esse
893 2236 1029 2318 positam
1060 2241 1088 2298 et
1120 2235 1155 2297 in
1185 2236 1352 2298 universae
1372 2242 1509 2298 naturae

337 2335 444 2397 animo
466 2341 558 2419 atque
580 2344 687 2414 triente,
712 2338 875 2420 ipsumque
897 2334 1053 2397 mundum
1077 2335 1167 2397 deum
1190 2334 1266 2396 dicit
1293 2355 1357 2398 esse
1384 2341 1411 2397 et
1441 2335 1508 2398 eius

337 2435 440 2496 animi
458 2435 615 2516 fusionem
637 2437 835 2512 uniuersam,
864 2441 929 2497 tum
958 2436 1026 2497 eius
1056 2435 1160 2514 ipsius
1188 2436 1421 2520 principatum,
1455 2433 1509 2518 qni

338 2534 374 2596 in
403 2543 504 2600 monte
533 2542 560 2599 et
593 2537 716 2600 ratione
746 2542 904 2615 versetur,
938 2555 1190 2619 communemque
1217 2556 1324 2598 rernm
1355 2542 1507 2597 naturam
1548 2569 1549 2610 1

337 2635 635 2720 universitatemque
655 2637 762 2700 omnia
791 2636 1013 2709 continentem,
1046 2641 1113 2698 tum
1141 2633 1275 2715 fatalem
1303 2655 1451 2698 narniam
1484 2637 1508 2694 et

338 2736 552 2799 necessitatem
574 2756 681 2798 rerum
707 2736 911 2817 futurarum,
943 2737 1046 2819 ipnem
1066 2741 1229 2814 praeterea
1251 2741 1279 2798 et
1301 2755 1385 2811 enm,
1417 2753 1505 2819 qraern

338 2843 411 2898 ante
426 2836 506 2912 diri,
523 2835 660 2912 aethera,
678 2843 744 2900 turn
760 2857 806 2912 ea,
829 2857 909 2920 qrrae
928 2842 1048 2898 notura
1061 2836 1202 2915 fluerem
1219 2841 1312 2915 atque
1329 2838 1506 2906 manarent,

337 2943 372 2998 ut
391 2942 419 2999 et
439 2957 555 3021 aquam
579 2943 606 2999 et
626 2942 745 3000 terram
766 2944 793 2999 et
817 2958 914 3014 nera,
946 2935 1059 3012 salem,
1089 2934 1218 3008 lunam,
1249 2934 1358 2998 sidero
1380 2936 1507 2998 univer-

337 3036 520 3116 sitatemque
536 3057 653 3112 rorum,
676 3038 859 3121 quaomnia
878 3036 1119 3114 continerentur,
1143 3041 1234 3119 atque
1254 3035 1348 3098 etiam
1367 3034 1507 3097 homines

338 3156 398 3213 eos,
420 3138 476 3218 qui
496 3137 763 3200 immortalitatem
785 3143 884 3200 essent
905 3136 1065 3199 consecuti.
1077 3134 1102 3215 ¹)

420 3238 519 3313 Quam
556 3237 670 3300 acriter
708 3247 811 3301 autem
846 3237 925 3299 hanc
964 3236 1139 3300 doctrinam
1173 3233 1370 3297 defenderint
1400 3231 1505 3306 Stoici,

343 3337 492 3400 facillime
515 3338 587 3401 inde
610 3357 774 3422 possumus
793 3337 984 3419 intellegere,
1008 3335 1088 3418 quod
1105 3334 1270 3399 Cleanthes
1291 3333 1504 3396 Aristarchum

338 3437 496 3513 Samium,
526 3437 580 3521 qui
602 3446 798 3500 astronomus
819 3446 931 3499 terram
959 3434 1141 3520 dupliciter,
1172 3445 1202 3498 et
1223 3434 1340 3498 circum
1363 3454 1453 3496 axem
1477 3439 1505 3492 et

338 3536 454 3600 circum
474 3535 569 3600 solem
584 3558 617 3600 se
633 3547 811 3600 convertere
828 3537 1036 3612 contenderat,
1059 3534 1101 3608 ὠς
1122 3535 1275 3597 κινοῦντα
1298 3534 1358 3594 τοῦ
1380 3531 1506 3611 κόσμου

338 3637 397 3717 τήν
418 3634 532 3699 ἑστίαν·
553 3637 586 3699 in
604 3636 756 3700 iudicium
770 3637 899 3699 vocavit.
912 3635 938 3714 ²)
984 3636 1046 3698 lloc
1069 3635 1244 3699 Stoicorum
1267 3633 1426 3697 (lecretum
1448 3632 1504 3695 im·

340 3738 448 3821 probat
471 3737 641 3812 Charinus,
674 3756 841 3819 quemnam
864 3739 1012 3799 secutus?
1049 3736 1227 3819 Epicurum.
1271 3735 1301 3797 ls
1331 3733 1415 3796 euim
1447 3751 1503 3795 non

338 3837 440 3901 solum
461 3837 601 3899 divinam
627 3844 768 3899 naturam
787 3835 942 3899 sideribus
963 3835 1165 3914 abiudicavit,
1188 3834 1241 3898 sed
1260 3833 1354 3897 etiam
1369 3833 1505 3896 animata

338 3957 374 3999 ea
396 3957 462 3999 esse
486 3956 609 4019 prorsus
633 3935 773 4016 negavit,
804 3944 838 3998 ut
869 3935 909 3999 iis
940 3958 977 4000 ne
1001 3935 1168 3999 minimam
1190 3933 1319 4016 quidam
1348 3932 1411 3994 vim
1436 3951 1502 3994 con·

339 4036 446 4100 cedere
469 4057 541 4100 eum
563 4036 701 4120 potuisse
723 4035 799 4099 satis
820 4043 977 4120 appareat.

408 4199 433 4264 l)
452 4197 491 4252 Gt.
510 4197 651 4267 Chrysipp.
670 4197 741 4266 apud
760 4198 833 4251 Stob.
853 4197 935 4269 eclog.
954 4201 965 4253 l
984 4199 1035 4252 446
1055 4207 1081 4254 ot
1101 4198 1198 4252 ibidem
1218 4197 1289 4250 166.

406 4284 433 4352 2)
453 4284 491 4339 Gt.
510 4284 580 4340 Plut.
600 4285 625 4338 d.
645 4285 662 4338 l.
682 4285 699 4338 i.
718 4301 742 4338 o.
761 4284 778 4337 l.
798 4286 823 4352 6,
832 4285 858 4340 3.
