3140 5068
528 456 735 520 -45..

322 627 354 690 M
365 630 566 696 oratrices
578 655 586 695 τ

235 727 427 794 Bacchidum
446 752 476 795 v.
502 732 580 796 1193
603 731 763 814 (Bacchis)

236 829 367 894 Poenuii
388 852 418 894 v.
440 832 502 895 286
524 829 783 917 (Adelphasium)

236 928 421 994 Truculenti
442 953 471 995 v.
494 932 552 996 931
577 930 810 1013 (Phronesium)

319 1048 534 1113 Mulieres:

237 1148 478 1234 Amphitruonis
500 1171 530 1213 v.
553 1149 614 1214 633
637 1149 839 1228 (Alcumena)

238 1247 338 1313 Stichi
359 1270 389 1312 v.
414 1249 473 1314 120
495 1247 690 1335 (Pamphila)

238 1365 454 1531 Asiniriiiai.
481 1467 539 1531 186
562 1467 747 1550 (Cleuereta)

321 1582 507 1649 Ancilla:

238 1683 377 1749 Andriae
398 1705 428 1748 v.
448 1686 509 1748 716
532 1683 655 1768 (Mysis)

320 1782 535 1848 Parasitus
548 1809 555 1848 ι

239 1884 513 1949 Menaechmorum
535 1905 564 1948 v.
587 1884 650 1948 446
672 1884 866 1966 (Peniculus)

439 2180 583 2299 eaput
615 2178 825 2278 alterum.

43 2347 90 2415 De
103 2347 418 2433 Peripateticorum
432 2351 634 2437 placitorum
649 2349 736 2435 opud
750 2351 872 2437 poetae
884 2347 1027 2416 comicos
1038 2346 1213 2432 reetigiie.

124 2501 218 2564 Nunc
247 2498 346 2564 ultera
375 2510 462 2586 parte
487 2501 580 2566 huius
609 2501 830 2588 disputationis
862 2501 901 2566 ad
933 2499 1211 2586 Peripateticorum

44 2598 300 2685 philosophorum
323 2599 438 2686 piacita
459 2611 664 2668 transeamus.
709 2604 793 2680 Quae
822 2622 1013 2686 quemquam
1035 2600 1069 2664 in
1093 2595 1211 2664 comoe-

45 2698 103 2764 diis
134 2722 196 2765 non
225 2708 290 2764 tem
321 2701 428 2765 crebra
463 2702 552 2766 nobis
582 2712 747 2768 occurrunt
777 2722 871 2785 quam
902 2701 1071 2785 Epicurea,
1105 2711 1211 2763 tamen

45 2796 124 2862 haud
158 2798 266 2884 paucis
295 2800 330 2865 in
357 2801 500 2866 versibus
530 2802 724 2886 agnoscenda
758 2810 842 2866 sunt.
903 2801 946 2864 Hi
968 2808 1073 2864 autem
1104 2820 1211 2864 omnes

46 2898 165 2962 ferend
188 2899 364 2965 amicitiam
381 2901 549 2987 pertinent.
587 2903 694 2987 Neque
715 2902 747 2966 id
766 2901 882 2966 mirum
899 2909 956 2964 est.
995 2901 1104 2964 Cetera
1126 2899 1212 2963 enim

46 2995 151 3062 horum
177 2999 433 3085 philosophorum
454 3001 569 3086 placita
600 3024 700 3086 neque
731 3002 770 3065 ad
791 3022 955 3065 commune
980 2999 1133 3064 iudicium
1159 3020 1212 3083 po·

47 3098 247 3181 pularemque
271 3098 520 3182 intellegentiam
543 3102 772 3167 accommodata
794 3107 891 3182 eraut,
914 3121 1015 3184 neque
1038 3099 1107 3165 ideo
1127 3106 1210 3183 apta,

48 3216 122 3279 quae
142 3198 177 3262 in
194 3198 310 3263 fabulis
326 3199 561 3266 adhiberentur.
605 3203 656 3267 Ad
677 3185 850 3266 amicitiam
865 3209 971 3265 eutem
990 3200 1071 3284 quod
1088 3200 1211 3280 attinet,

49 3317 104 3362 non
128 3298 231 3364 solum
250 3297 284 3362 in
305 3299 420 3363 fabulis
442 3301 630 3382 tragicorum
655 3312 825 3387 poetarum,
855 3321 932 3386 quos
954 3299 1065 3365 comici
1087 3301 1212 3384 saepius

48 3393 161 3462 imitati
185 3404 268 3477 sunt,
291 3398 427 3462 multum
452 3399 604 3482 valuerat,
626 3403 680 3466 sed
703 3401 799 3466 etiam
822 3401 1008 3466 Aristoteles
1030 3400 1212 3465 Ethicornm

50 3495 322 3562 Nicomacheorurn
349 3498 439 3563 libris
463 3495 540 3564 VIII
556 3508 587 3565 et
604 3501 649 3565 IX
680 3502 800 3587 primus
830 3501 913 3583 leges
944 3501 1011 3565 eins
1040 3500 1211 3565 constituit.

50 3593 109 3661 Iam
131 3619 205 3663 vero
221 3598 463 3685 Theophrastus,
485 3600 553 3665 eius
572 3600 757 3687 discipulus,
780 3608 811 3665 et
830 3599 948 3665 lib'rum
963 3599 1212 3680 celeberrimum,

50 3697 99 3778 qui
121 3719 245 3763 summo
269 3720 340 3763 cum
360 3699 464 3765 studio
480 3700 520 3765 ab
536 3700 682 3766 omnibns
695 3702 855 3785 legebatur
864 3701 898 3782 1),
920 3701 958 3765 de
980 3699 1121 3764 amicitia
1143 3720 1213 3764 con-

50 3798 168 3883 seripsit
190 3806 315 3864 etcum
338 3800 464 3865 comicis
486 3809 550 3868 tam
571 3811 637 3866 erte
662 3801 847 3868 coniunctus
870 3808 946 3882 crat,
968 3808 1088 3865 utnon
1110 3799 1212 3864 solum

50 3894 217 3980 Menandri,
239 3899 366 3964 illorum
384 3900 544 3985 principis,
568 3901 716 3985 magister
733 3902 900 3966 haberetur
920 3908 951 3964 et
968 3899 1098 3979 amicus,
1111 3898 1135 3980 2)
1158 3899 1212 3963 sed

51 3997 137 4062 etiam
151 3998 269 4063 librum
282 3999 487 4084 praeclarum,
504 4022 598 4085 quem
614 4005 819 4086 χαρακτῆρας
837 4000 1007 4087 inscripsit,
1024 4000 1212 4065 comicorum

113 4197 138 4264 1)
158 4198 221 4262 Leo,
241 4196 327 4252 Plant.
347 4199 453 4252 Forsch.
473 4217 533 4269 pag.
555 4201 611 4254 115.

112 4283 439 4354 DOEWQRW2
