3140 5068
523 387 731 452 ..55-

182 563 350 630 Mnesiloche,
371 581 434 617 cura
453 568 479 617 ai
497 567 651 634 concastiga
670 567 802 622 hominem
821 567 912 635 probe.
1017 585 1020 590 ’

38 672 144 736 neque
167 659 287 715 recusat
309 651 536 717 Mnesilochus:
559 659 657 714 tactum
677 659 745 714 voto.
790 652 834 735 (v.
857 652 943 734 495).

127 768 313 852 Lysidamus
346 789 468 854 quoque
500 769 630 834 Casiuee
665 792 692 836 v.
721 773 797 850 515,
831 791 955 835 monere
988 776 1020 833 et
1050 768 1213 850 obiurgare

39 869 136 933 amici
164 890 230 933 esse
260 889 320 932 noo
352 868 491 950 ignorat,
525 870 577 934 sed
609 868 675 955 ipse
698 870 938 937 bonusamicus
961 877 1108 949 nonest,
1141 889 1213 932 oum

39 970 208 1034 veritatem
230 969 338 1034 audire
362 979 510 1054 nequeat:

147 1087 224 1140 Nunc
242 1086 354 1139 amicine
372 1102 442 1139 anne
460 1087 559 1140 inimici
581 1087 618 1140 sis
637 1087 734 1154 imago,
755 1086 897 1152 uicesimo,
982 1117 986 1126 ·

151 1171 216 1226 Mihi
236 1174 333 1226 sciam:
354 1189 426 1225 nunc
445 1173 578 1243 specimen
597 1173 723 1241 specitur,
741 1189 813 1226 nune
832 1177 965 1226 certamen
984 1171 1109 1226 cernitur.

147 1260 200 1313 Gur
218 1276 302 1313 amem
322 1275 363 1313 me
384 1261 523 1327 castigare,
541 1259 568 1311 id
588 1260 680 1328 ponito
699 1259 732 1313 ad
751 1258 953 1328 compendium:

148 1346 235 1412 „Cano
255 1347 350 1414 capite,
370 1351 456 1399 aetate
478 1346 580 1399 alicna“
604 1362 634 1398 eo
654 1345 745 1398 addito
765 1345 797 1398 nd
817 1345 1012 1414 compendium.

148 1432 231 1496 ,Quoi
250 1434 285 1486 sit
303 1433 394 1498 uxor,“
416 1431 442 1484 id
462 1448 566 1501 quoque
585 1432 648 1485 illuc
668 1433 759 1500 ponito
778 1432 812 1484 ad
831 1431 1024 1500 compendium.

41 1537 76 1601 Ei
102 1536 219 1600 similis
241 1544 288 1600 est
308 1534 463 1620 Demipho
485 1535 665 1599 Mercatoris
688 1557 715 1600 v.
739 1536 800 1600 316
817 1555 880 1618 sq.:

145 1636 222 1689 Nunc
240 1641 270 1688 tu
290 1651 339 1702 me,
358 1635 445 1699 credo,
464 1635 595 1702 castigare
614 1636 724 1703 cogitas.

40 1720 243 1790 Lysimachus:
262 1721 336 1791 Egon
357 1721 403 1774 te?
438 1719 495 1774 De:
513 1721 555 1774 Nil
575 1723 695 1785 estium,
715 1723 784 1791 quod
804 1727 834 1776 tu
853 1723 916 1775 mihi
935 1737 1106 1776 suscenseas:

141 1811 238 1864 Fecere
256 1809 310 1863 tale
329 1814 391 1862 ante
409 1809 470 1862 alisi
490 1811 602 1877 spectati
622 1810 695 1862 rirei.

144 1896 294 1950 Humanum
311 1901 426 1949 amarest
444 1900 523 1966 atque
543 1896 570 1948 id
589 1897 629 1948 rei
650 1896 766 1964 optingit
784 1896 872 1949 deum.

144 1983 183 2036 Ne
202 1983 239 2036 sis
257 1999 297 2036 me
316 1983 441 2050 obiurga:
468 1983 517 2035 hoc
535 1997 589 2036 non
609 1981 732 2036 voluntas
751 1998 792 2034 me
810 1981 924 2050 impulit.

58 2067 116 2137 Iup:
146 2069 216 2133 Quin
234 2085 288 2122 non
307 2069 426 2137 obiurgo.
462 2065 517 2122 De:
543 2071 580 2123 At
597 2084 631 2122 ne
650 2068 804 2122 deteriorem
824 2073 913 2121 tamen

143 2155 199 2210 Hoc
217 2155 287 2209 iacto
306 2155 397 2209 ducas.
433 2152 491 2224 Ity:
518 2156 593 2225 Egon
611 2154 657 2208 te?
683 2156 725 2220 ah,
743 2170 777 2206 ne
796 2154 822 2206 di
844 2154 961 2206 siverint.

122 2259 172 2323 Ad
196 2257 327 2323 eandem
339 2258 580 2344 Peripateticum
599 2258 771 2323 doctrinam
790 2256 966 2321 referendos
988 2276 1054 2320 esse
1076 2256 1209 2322 arbitror

44 2358 135 2423 etiam
148 2359 219 2424 illos
243 2359 334 2440 locos,
358 2360 472 2444 quibus
492 2359 673 2444 priusquam
692 2359 729 2422 ad
749 2379 823 2436 rem,
849 2377 943 2441 quam
960 2355 1022 2420 sibi
1038 2357 1208 2441 proposuit,

44 2460 207 2544 quisquam
239 2460 381 2539 accedat,
414 2459 453 2523 ab
484 2459 595 2524 amicis
629 2458 708 2543 petit
742 2457 918 2536 consilium,
953 2457 1035 2522 sieut
1067 2457 1207 2542 Antipho

43 2557 135 2624 Stich.
157 2582 186 2624 v.
211 2561 284 2624 128:

143 2677 178 2730 Mi
198 2681 319 2730 auctores
339 2678 375 2730 ita
395 2682 458 2730 sunt
477 2678 563 2742 amici,
581 2684 612 2729 ut
629 2693 676 2730 vos
697 2677 758 2729 hinc
777 2676 906 2729 abducam
930 2675 1044 2727 domum.

46 2778 80 2842 Et
101 2780 185 2845 idem
208 2780 328 2844 ibidem
349 2803 379 2846 v.
406 2780 480 2845 143:

140 2879 212 2933 Beue
231 2879 330 2932 valete:
356 2881 400 2934 ibo
420 2885 499 2949 atque
518 2880 610 2933 amicis
630 2886 719 2932 vostra
737 2878 848 2932 consilia
868 2877 984 2946 eloquar.

49 2980 83 3044 Et
103 2983 279 3049 Gelasimus
302 2985 456 3070 parasitus
478 2984 595 3049 ibidem
619 3007 647 3049 v.
671 2985 747 3049 503:

142 3082 276 3136 Certumst
294 3084 393 3138 amicos
413 3101 566 3150 convocare,
584 3090 614 3137 ut
633 3084 768 3138 consulam

142 3169 200 3232 Qua
219 3169 277 3237 lege
295 3186 367 3223 nunc
387 3171 445 3224 med
463 3199 497 3208 -
516 3173 629 3224 essurire
649 3176 778 3240 oporteat.

122 3271 228 3350 Quid?
259 3273 339 3357 quod
362 3275 542 3354 Terentiani
564 3271 908 3340 Heautontimorumeni
939 3271 971 3334 in
1001 3267 1094 3333 initio
1122 3267 1206 3331 idem

52 3368 321 3456 Peripateticorum
344 3375 543 3440 deamicitia
566 3383 764 3461 praeceptum
788 3375 935 3439 Chremes
957 3370 1081 3456 probat:
1145 3455 1147 3462 Ι

233 3490 396 3558 Quamquam
406 3493 470 3544 haec
480 3493 549 3545 inter
562 3508 611 3546 nos
621 3509 707 3560 nuper
716 3492 813 3545 notitia
820 3488 959 3543 admodum
972 3493 1012 3541 ast

232 3578 296 3631 Inde
308 3577 382 3644 adeo,
397 3594 474 3647 quom
490 3595 581 3646 agrum
598 3580 625 3631 in
641 3594 768 3647 proxumo
781 3579 823 3630 hic
833 3579 964 3630 mercatus
975 3591 1012 3642 es,

233 3665 288 3718 Nec
307 3665 344 3717 rei
365 3665 419 3718 iere
438 3681 502 3718 sane
523 3667 571 3718 hoc
590 3665 704 3733 amplius
724 3666 864 3735 quicquam
883 3663 947 3716 init:

233 3753 333 3804 Tamen
352 3751 393 3804 vel
411 3752 495 3805 virtus
514 3756 561 3804 tua
581 3769 621 3804 me
641 3752 681 3804 vel
699 3752 832 3818 vicinitas,

233 3837 309 3901 Quod
330 3853 377 3906 ego
396 3839 424 3891 in
443 3839 592 3908 propinqua
611 3842 686 3907 parte
705 3839 837 3891 amicitiae
855 3842 931 3906 puto,

231 3925 307 3978 Facit
324 3930 355 3979 ut
372 3929 399 3978 te
418 3925 544 3979 audacter
563 3942 682 3981 moneam
702 3931 728 3980 et
745 3926 920 3992 familiariter,

234 4011 310 4075 Quod
329 4011 393 4064 mihi
412 4011 501 4066 videre
520 4019 626 4082 praeter
641 4017 754 4067 aetatem
773 4018 846 4066 tuam
1019 4078 1022 4085 Ι

232 4097 330 4152 Facere
349 4103 375 4152 et
394 4105 498 4167 praeter
517 4115 595 4168 quam
616 4116 656 4153 res
678 4105 704 4154 te
723 4100 879 4154 adhortatur
897 4103 951 4154 tua.

53 4196 159 4269 Exinde
181 4201 398 4270 Menedemum
422 4201 578 4288 increpat:
