3140 5068
69 641 111 703 ad
135 640 195 720 γοὶρ
217 638 378 722 μακάριον
399 642 453 704 καὶ
482 638 662 725 ἄφθαρτον
685 647 782 725 ζῷον,
814 643 1072 726 πεπληρωμένον
1101 667 1136 706 τε
1161 647 1246 708 πᾶσι

69 747 139 815 τοῖς
172 741 313 822 οἷγαθοῑς
343 742 396 803 καὶ
419 746 531 806 ·κακοῢ
562 745 686 817 παντιὶς
716 743 872 827 ἄδεκτον,
904 741 980 809 ὅλον
1013 741 1051 809 ὄν
1080 745 1157 824 περὶ
1185 744 1247 826 τήν

71 843 217 924 σοιοχιῇν
239 845 294 927 τῆς
317 840 403 916 ἰδίας
424 843 633 921 εὐδαιμονίας
660 845 772 907 τεκαὶ
794 844 990 928 α’φθαρσίας
1005 844 1247 926 ἀνεπιστρεφές

71 945 145 1005 ἐστι
167 946 232 1004 noir·
252 944 475 1023 α’νθρωπίνοιν
499 943 711 1025 πραγμάτων.
724 944 750 1027 ¹)
1096 953 1099 958 '

156 1044 285 1108 Prorsus
307 1045 414 1108 eadem
438 1045 476 1114 de
499 1067 600 1127 eausa,
623 1045 837 1131 voluptatibus
857 1045 931 1129 quia
951 1062 1074 1129 semper
1091 1047 1244 1123 fruantur,

71 1145 200 1207 deorum
224 1145 292 1208 vitu
316 1145 405 1208 beata
425 1145 582 1210 iudioatur
603 1147 686 1230 apud
707 1145 902 1225 Terentium,
925 1145 1024 1210 Andr.
1047 1169 1075 1209 v.
1095 1145 1165 1224 959,
1190 1144 1244 1207 ubi

69 1243 257 1327 Pamphilus
279 1265 311 1308 se
334 1245 438 1328 ipsum
463 1267 584 1330 quoque
608 1246 818 1310 immortalem
842 1246 983 1310 futurum
1000 1267 1066 1310 esse
1085 1245 1243 1328 gloriatur,

72 1343 135 1405 nisi
160 1343 272 1423 gaudio
294 1365 349 1409 suo
372 1345 533 1426 aegritudo
556 1346 598 1409 sit
620 1346 844 1410 intercessura:

178 1441 233 1510 Ego
253 1443 361 1495 deorum
382 1445 461 1496 vitam
482 1450 622 1513 eapropter
641 1447 827 1514 sempiternam
848 1461 906 1497 esse
925 1444 1047 1510 arbitror,

177 1529 252 1592 Quod
272 1529 422 1598 voluptates
442 1547 531 1583 eorum
552 1533 674 1600 propriae
694 1539 770 1594 sunt;
789 1547 850 1584 nam
871 1531 905 1582 mi
924 1529 1109 1582 immortalitas

179 1615 293 1682 Partem,
312 1617 335 1667 si
354 1616 429 1668 nulla
448 1618 586 1685 aegritudo
606 1619 667 1671 buin
687 1619 784 1686 gaudio
803 1617 991 1670 intercesserit.

69 1702 210 1766 Perbene
232 1710 337 1766 autem
360 1701 489 1782 accidit,
521 1707 684 1769 utstatim
709 1705 765 1769 hoo
787 1705 852 1770 loeo
880 1703 1008 1784 indicii,
1038 1703 1119 1786 quod
1150 1722 1244 1785 supra

70 1803 109 1865 de
135 1801 272 1866 locorum
293 1801 587 1887 philosophicorum,
611 1821 687 1888 quos
709 1805 742 1868 in
766 1804 881 1868 fabulis
901 1802 1056 1867 Plautinis
1079 1811 1110 1865 et
1127 1801 1242 1865 Teren·

70 1902 168 1976 tianis
190 1902 342 1983 legimus,
372 1903 492 1984 origine
516 1905 656 1986 lecimus,
688 1904 882 1989 praeclarum
903 1904 1072 1968 habeamus
1100 1901 1240 1966 testimo-

70 2002 171 2065 ninm.
215 2001 304 2065 Hane
325 2002 410 2066 enim
433 2004 620 2068 sententiam
644 2026 704 2069 non
727 2004 906 2068 aTerentio
922 2025 988 2067 esse
1004 2003 1165 2066 inventam
1188 2001 1240 2064 sed

69 2123 108 2165 ex
133 2102 296 2165 Menandri
319 2101 424 2165 fabula
447 2103 635 2182 „Eunucho“
664 2105 703 2168 ab
725 2125 760 2168 eo
782 2124 848 2167 esse
869 2104 1052 2168 translatam
1076 2103 1164 2166 doeet
1187 2121 1241 2164 nos

68 2203 220 2283 Donatus,
251 2202 305 2286 qui
329 2203 368 2266 ad
399 2203 482 2268 huno
503 2205 643 2269 Andriae
673 2225 798 2270 versum
826 2204 969 2268 adnotat:
1006 2201 1100 2266 Hane
1120 2207 1240 2264 serden-

67 2303 146 2366 tiam
169 2307 265 2366 totana
287 2300 466 2368 Menandri
487 2304 525 2369 de
546 2303 703 2370 Eunucho
726 2305 900 2368 transtulit.

153 2401 213 2466 Sed
245 2403 407 2467 redeamus
429 2404 466 2467 ad
499 2406 626 2469 deorum
657 2405 766 2469 vitam.
810 2404 848 2466 Di
876 2402 1002 2467 omnino
1035 2399 1079 2464 nil
1112 2399 1238 2476 faciunt,

69 2503 169 2566 nullis
187 2503 442 2587 occupationibus
465 2514 537 2568 sunt
560 2505 731 2591 implicati,
762 2504 849 2567 nulla
871 2524 961 2588 opera
986 2500 1174 2578 moliuntur,
1205 2498 1238 2560 iu

69 2603 310 2683 interrnundiiS‚
340 2625 418 2687 quae
442 2613 607 2686 vocantur,
638 2605 795 2684 habitant,
829 2625 861 2667 se
883 2603 967 2687 ipsos
989 2598 1240 2684 contemplantur

67 2724 186 2786 suaque
211 2703 400 2788 praestantia
428 2705 571 2785 gaudent.
616 2705 751 2768 Mundus
780 2712 886 2768 autem
918 2702 957 2766 iis
985 2723 1044 2765 non
1069 2709 1115 2764 est
1137 2721 1237 2778 onrae,

67 2802 123 2887 qui
154 2804 443 2886 administratione,
484 2826 555 2869 eum
586 2806 691 2869 omnia
724 2826 779 2890 per
813 2825 845 2867 se
887 2804 979 2884 fiant,
1022 2801 1108 2865 nullo
1148 2801 1238 2865 modo

67 2903 198 2986 indiget.

151 3005 196 3068 Cl.
219 3006 309 3086 frgm.
323 3003 384 3068 359
405 3003 609 3091 (Hippolytus
632 3003 806 3089 philosoph.
820 3006 870 3086 22,
882 3003 901 3067 3
914 3025 981 3088 pag.
999 3004 1098 3082 orat
1118 3000 1237 3083 Diels):

65 3106 126 3168 τόν
147 3105 185 3166 δὲ
206 3106 290 3166 θεὸν
311 3104 477 3186 ὁμολογῶν
498 3104 712 3188 (Ἐπίκουρος)
741 3094 826 3166 εἶναι
847 3103 957 3165 α’ίδιον
976 3103 1030 3165 καὶ
1059 3097 1239 3185 ἄφθαρτοι·

67 3206 150 3288 φησὶ
177 3205 321 3288 μηδενός
353 3209 521 3286 προνοεῖν,
561 3205 615 3266 καὶ
650 3202 730 3278 ὅλοις
762 3201 923 3285 πρόνοιαν
960 3202 1006 3290 μή
1040 3193 1124 3265 εἶναι
1154 3203 1238 3284 μηδὲ

66 3303 284 3388 εἱμαρμένην,
317 3305 402 3368 ἄλλα
432 3303 546 3368 πάντα
579 3305 815 3386 αὐτοματισμῷ
847 3309 1009 3385 γίνεσθαι.
1061 3289 1239 3388 καθῆσθαι

66 3407 129 3486 γοὲρ
152 3406 212 3468 τόν
233 3406 318 3467 θεόν
340 3405 376 3467 εἰ·
398 3409 465 3479 τοῖς
484 3410 717 3486 μετακοσμιόις
733 3401 818 3469 οὕτω
832 3404 1039 3486 καλουμένοις
1054 3404 1111 3466 v‘rr’
1125 3403 1237 3468 adseri.

66 3508 130 3581 ἔξω
152 3503 214 3585 γάρ
239 3528 270 3568 τι
291 3508 349 3568 τοῦ
376 3503 505 3586 κόσμον
531 3504 710 3591 οἰκητήριον
730 3509 790 3570 τοῦ
815 3507 899 3569 θεοῦ
922 3507 1022 3567 ἔθετο
1044 3496 1128 3568 εἶναι
1149 3504 1237 3587 λεγό-

66 3628 168 3685 μενον
189 3605 231 3667 τοὶ
255 3601 471 3685 μετακόσμια.
515 3602 661 3687 ἥδεσθαι
683 3606 720 3668 δὲ
744 3607 798 3668 καὶ
820 3604 995 3688 ἡσυχάζειν
1022 3606 1059 3668 ἐν
1083 3609 1123 3687 τῇ
1144 3603 1238 3686 α’κρο·

65 3703 150 3788 τάτῃ
173 3702 372 3789 εὐφροσύνῃ,
405 3706 459 3768 καὶ
491 3702 566 3768 οὔτε
593 3706 695 3768 αὐτὸν
724 3703 903 3786 πράγματα
933 3707 1019 3784 ἔχειν
1041 3699 1118 3768 οὔτε
1150 3700 1238 3787 ἄλλῳ

66 3814 231 3884 παρεχειν.
832 3808 836 3816 ’

151 3906 341 3970 Hominibus
365 3927 465 3990 neque
488 3906 654 3991 quiequam
679 3906 751 3970 boni
781 3907 915 3969 aderunt
937 3926 1038 3988 neque
1067 3904 1159 3986 mali,
1189 3903 1234 3967 nil

65 4029 119 4071 eos
141 4013 251 4070 curant
279 4007 332 4070 sed
356 4006 483 4070 omnino
507 4006 693 4089 neglegunt3
725 4027 825 4089 neque
855 4005 955 4088 magis
986 4003 1145 4068 benefieiis
1171 4025 1235 4068 rno-

66 4114 183 4170 ventur
206 4127 300 4190 quarn
324 4105 450 4170 iniuriis
473 4116 504 4169 et
525 4127 564 4169 ne
585 4126 690 4189 praees
713 4105 840 4189 quidem
863 4104 1044 4188 respiciunt.

137 4291 163 4361 1)
183 4291 221 4346 cr.
240 4291 316 4362 rrgm.
334 4291 385 4346 σοι
412 4291 514 4360 (orooro
534 4291 559 4345 a.
579 4292 604 4345 a
623 4309 648 4346 n.
668 4293 679 4346 1
699 4293 741 4359 50,
761 4291 815 4359 51).
