3140 5068
776 481 983 548 „70„

298 667 380 746 Quin
403 666 498 732 etiam
520 666 676 730 Venerem
698 663 854 728 nutricem
876 661 944 726 eius
974 661 1070 726 fnisse
1098 659 1275 746 suspicatur
1296 658 1469 726 Palaestrio

298 792 328 834 v.
351 769 429 833 649:

437 867 459 920 0
480 865 598 935 lepidum
617 880 716 929 eonem,
734 865 762 916 in
782 879 811 916 se
829 864 851 916 si
869 879 935 931 quas
954 866 1080 915 memorat
1098 862 1206 914 virtutis
1225 862 1313 923 babet,

437 955 525 1022 Atque
544 951 665 1020 equidem
685 949 764 1018 plane
782 949 923 1002 educatum
942 950 971 1002 in
988 950 1125 1002 nutricatu
1143 949 1267 1002 Venerio.

299 1040 426 1107 Amoris
453 1051 559 1104 autem
588 1035 753 1122 cupiditati
783 1057 823 1100 ne
846 1056 997 1118 umquam
1023 1035 1224 1100 succubuerit
1253 1034 1304 1100 vel
1326 1055 1471 1100 succum-

302 1143 375 1205 bere
396 1138 504 1225 possit,
526 1159 566 1204 ne
588 1138 626 1201 de
648 1136 705 1201 hoc
728 1136 855 1221 quidem
879 1155 953 1199 sene
975 1135 1166 1213 metuimus,
1189 1135 1245 1219 qui
1267 1136 1326 1200 bac
1347 1155 1472 1220 quoqne

299 1233 342 1304 in¹
356 1260 389 1302 re
413 1238 555 1320 magistri
578 1247 625 1301 est
646 1237 830 1322 discipulus.

382 1339 518 1404 Amabat
550 1359 637 1422 porro
669 1336 852 1421 Aristippus
884 1335 968 1399 laute
1001 1335 1197 1420 pretiosoque
1231 1335 1338 1399 vivere
1368 1353 1472 1418 neque

300 1438 385 1504 cibos
407 1437 555 1502 delicatos
578 1436 744 1522 spernebat
766 1457 866 1520 neque
889 1435 1016 1500 saliares
1039 1434 1148 1520 epulas
1169 1455 1271 1518 neque
1296 1435 1473 1500 luxuriosas

300 1538 553 1626 compotationes.

387 1639 559 1724 Xenophon
582 1638 661 1702 dicit
681 1638 848 1702 Memorab.
871 1638 901 1703 II
927 1640 991 1718 1,1
1025 1660 1097 1703 enm
1119 1659 1186 1703 esse
1208 1636 1474 1715 ἀκολαστοτέρως

301 1741 419 1820 ἔχοντα
449 1739 531 1816 πρδς
561 1739 603 1800 τά
631 1741 766 1799 τοιαῦτα
795 1738 893 1819 (πρὸς
920 1739 1105 1816 ἐπιθυμίαν·
1133 1741 1261 1819 βρωτοῦ
1290 1737 1344 1798 καὶ
1369 1739 1474 1798 ποτοῦ

300 1839 356 1901 καὶ
384 1839 532 1919 λαγνείας
560 1840 613 1901 καὶ
647 1835 767 1920 ὕπνου)
798 1847 829 1903 et
855 1839 973 1903 ibidem
997 1841 1026 1903 II
1052 1843 1077 1912 1,
1103 1841 1140 1903 15
1166 1839 1370 1924 Aristippus,
1400 1859 1473 1903 cnm

301 1941 441 2006 Socrates
459 1961 497 2004 ex
517 1960 552 2004 eo
572 1940 773 2022 quaesiverit,
795 1961 870 2004 num
892 1949 1052 2024 propterea
1068 1960 1222 2023 nusquam
1240 1938 1353 2002 habere
1375 1938 1474 2003 vellet

302 2039 517 2116 domicilium,
548 2040 622 2123 quia
650 2039 817 2104 confideret
847 2040 1004 2106 nemiuem
1033 2061 1065 2104 se
1096 2040 1209 2104 habere
1231 2039 1313 2105 velie
1334 2060 1473 2102 servum.

302 2140 483 2224 respondet:
514 2143 562 2211 τίς
582 2139 643 2218 γάρ
673 2135 717 2201 ἄν
740 2138 850 2202 ἐθέλοι
875 2134 1058 2217 ἄνθρωποι·
1081 2140 1117 2199 έν·
1140 2139 1226 2222 οίκίᾳ
1248 2141 1334 2218 ἔχειν·
1357 2141 1474 2200 πονεῖν

301 2241 363 2315 μὲν
384 2239 487 2319 μηδὲν
509 2237 686 2316 ἐθέλοντα,
715 2242 753 2320 τῇ·
774 2238 813 2299 δέ
835 2238 1100 2321 πολυτελεστάτῃ
1122 2239 1232 2320 διαίτῃ
1253 2243 1420 2317 χαίροντα.

384 2339 505 2403 Deinde
534 2338 615 2424 apud
645 2339 818 2404 Lucianum
851 2340 907 2405 vit.
939 2348 1020 2404 anot.
1049 2342 1103 2403 12:
1136 2339 1174 2399 τδ
1199 2342 1262 2417 μὲν·
1290 2333 1368 2400 ὅλον
1391 2356 1474 2419 συμ-

302 2441 417 2517 βιῶναι
439 2437 545 2513 δεξιός
566 2438 620 2498 καὶ
644 2443 802 2517 συμπιεῖν·
824 2437 934 2512 ἱκανοῖς
955 2439 1008 2500 καῖ
1026 2438 1178 2519 κωμάσαι
1197 2437 1268 2518 μετ’
1281 2436 1476 2518 αὐλητρίδος

302 2535 486 2620 ἐπιτήδειος
507 2538 630 2624 έραῖντα
651 2539 705 2599 καὶ
721 2535 839 2618 α’σιότῳ
860 2537 1019 2620 δεσπότῃ.
1064 2538 1106 2599 τά
1127 2535 1212 2601 ἄλλοι
1234 2538 1272 2600 δὲ
1288 2535 1476 2618 πεμμάτων

302 2633 494 2720 ε’πιστήμιον
513 2637 567 2698 καὶ
589 2636 753 2723 ὀψοποιός
774 2637 1017 2715 ἐμπειρότατος,
1040 2638 1093 2698 καῖ
1121 2635 1201 2727 ὅλοις
1217 2639 1377 2720 σοοιστής
1395 2637 1475 2720 ἠδυ-

303 2739 449 2807 ιταθείας
478 2736 659 2802 nominatur
687 2745 718 2800 et
745 2737 845 2801 Schol.
877 2738 916 2802 ad
937 2737 1075 2822 Menipp.
1108 2759 1137 2822 p.
1160 2738 1260 2816 20‚7:
1293 2737 1399 2810 δεινδς
1432 2739 1476 2800 τά

303 2832 379 2911 περὶ
401 2842 543 2914 γαστέρα
564 2857 600 2894 τε
621 2836 675 2894 καί
705 2840 876 2915 μαγείρους
898 2834 1067 2920 σοφιστής.

302 2933 444 3016 Denique
466 2936 605 2998 conteras
628 2933 774 3000 Socratic.
793 2957 840 3021 ep.
854 2937 899 3000 IX
922 2934 1119 3021 (Aristippus
1132 2933 1353 3015 Antistheni):
1377 2959 1476 2996 κακο-

301 3031 530 3112 carcercareer,
553 3022 578 3095 ιδ
600 3034 812 3112 Ἀντίσθενες,
836 3033 874 3099 ου’
889 3040 1034 3115 μετρίοις.
1079 3037 1144 3107 παῖς
1167 3035 1229 3115 γάρ
1251 3037 1290 3097 ori
1311 3034 1478 3115 μέλλομεν·
1553 3061 1554 3068 ·

301 3130 560 3210 κακοδαιμονεῖν,
583 3129 673 3206 ὄντες
695 3134 788 3212 παρά
803 3134 951 3215 τυράννῳ
973 3135 1028 3196 καὶ
1051 3134 1208 3218 ὁσημέραι
1227 3135 1399 3208 ἐσθίοντες
1416 3136 1477 3198 καὶ

302 3233 452 3304 πίνοντες
465 3230 643 3306 πολυτελέα
659 3233 712 3295 καῖ
730 3233 947 3315 α’λειιγόμενοί
955 3257 1017 3296 τινι
1028 3239 1094 3297 τῶν
1104 3230 1343 3298 εὐωδεστάτων·
1356 3233 1477 3313 μύρων·

300 3329 355 3391 καὶ
384 3327 537 3409 σύροντες
566 3333 713 3415 ἐσθῆτας
740 3331 889 3411 μαλακάς
915 3335 950 3396 ἐκ
983 3336 1151 3413 Τάραντος
1159 3358 1172 3411 ,·
1206 3334 1261 3396 καὶ
1293 3333 1400 3407 ου’δείς
1430 3356 1478 3413 με

301 3429 507 3515 ἐξαιρήσεται
522 3432 579 3514 τῆς
593 3436 766 3495 Διονυσίου
783 3429 959 3514 ὠμότητος,
981 3429 1016 3506 ὅς
1028 3433 1062 3513 μ’
1081 3431 1124 3508 ὥς
1139 3457 1212 3496 τινα
1229 3431 1396 3515 ἕνεχιῖριον
1412 3433 1478 3496 οὐκ

300 3528 448 3608 α’γνῶτα,
478 3529 563 3593 άλλδ
587 3531 640 3593 καὶ
662 3528 765 3612 λόγοιν·
786 3532 986 3616 έπιμελιμάν
1008 3536 1072 3595 τῶν·
1094 3536 1307 3614 Σωκρατικῶν·
1327 3541 1475 3613 κατέχει,

301 3619 422 3709 οἷάπερ
434 3629 517 3711 ἔφην
539 3633 667 3708 σιτίζων
688 3632 741 3693 καῖ
763 3631 910 3713 α’λείιγοιν
931 3633 985 3693 καὶ
999 3633 1189 3715 α’μιγιειϊύς,
1210 3634 1265 3696 καὶ
1278 3628 1355 3698 οὔτε
1374 3635 1476 3696 δίκαν

301 3731 454 3810 φοβεῖται
474 3730 538 3790 τάν·
559 3734 665 3808 θεῶν,
694 3727 764 3795 οὔτ’
784 3727 969 3812 ἄνθρωπον
990 3731 1134 3796 αἰδεῖται
1157 3730 1247 3808 ὅστις
1268 3757 1311 3816 με
1334 3737 1476 3797 τοιαῦτα

300 3824 496 3891 διατίθεται.

382 3927 571 4014 Saepissime
595 3940 721 4017 propter
742 3932 822 3996 hanc
845 3932 983 3997 molliter
1006 3934 1135 3999 vivendi
1156 3934 1363 4021 cupiditatem
1385 3934 1473 3998 vitu·

299 4026 474 4110 ponebatur,
498 4029 552 4093 sed
574 4049 697 4115 semper
719 4031 786 4096 sive
808 4031 865 4098 boc
887 4033 954 4098 sive
977 4034 1031 4099 iilo
1052 4036 1143 4100 modo
1164 4055 1198 4098 se
1221 4034 1416 4099 defendebat.
1550 4109 1551 4124 ¹

382 4126 427 4190 Cf.
440 4127 528 4210 Diog.
540 4129 573 4194 L.
584 4129 614 4192 ΙΙ
626 4129 681 4194 68:
701 4129 937 4212 ὀνειδιζόμενός
949 4132 1021 4194 ποτ’
1033 4133 1089 4196 ἐπὶ
1101 4136 1147 4214 τῷ
1159 4131 1346 4206 πολυτελῶς
1357 4135 1422 4217 ζῆν·
1441 4133 1474 4197 εἰ

299 4223 396 4305 τοῦτ’,
421 4227 494 4308 ἔφη,
512 4227 638 4312 φαῦλον
654 4218 704 4314 ἦν,
722 4229 780 4295 oda
791 4227 834 4294 ιῖν·
845 4233 880 4295 έν
891 4235 964 4306 ταῖς
974 4234 1041 4296 τῶν
1052 4234 1143 4296 θεῶν
1155 4232 1281 4316 ἑορταῖς
1293 4234 1426 4314 ἐγένετο.
1443 4233 1470 4318 ¹)

299 4327 422 4336 —-—..—.—

370 4358 880 4429 nmmffinmmmm
