3140 5068
555 435 762 501 ..85-

163 619 208 682 Cf.
229 615 247 700 ξ
266 619 322 683 59:
347 616 487 681 Heredes
509 623 614 679 entem
635 617 780 682 meliores
801 623 829 680 et
851 615 998 680 certiores
1020 615 1207 679 amicierint
1228 621 1256 679 et

79 720 269 804 propinqui,
294 738 373 804 quos
395 718 513 782 iudicio
535 715 677 801 delique,
699 738 795 802 quom
814 735 908 798 qnos,
932 716 1120 790 notisnotis,
1142 713 1256 779 hohen

79 820 210 902 coporis.

164 933 264 1017 §552
297 935 450 999 Assidcre
479 941 583 998 antem
612 936 792 1014 oeprotortti
816 935 918 1015 mepte
942 939 1073 1014 possunt
1103 933 1199 995 amici
1229 937 1257 994 et

81 1037 234 1103 vernulae
255 1035 411 1117 beneficiis
431 1034 569 1118 obtinuit,
592 1055 687 1119 quom
711 1036 768 1100 itta
789 1033 971 1116 (scurror),
993 1054 1075 1115 quoe
1089 1033 1177 1097 nohis
1198 1033 1256 1098 im-

80 1144 174 1220 putet
197 1139 348 1202 tocmrnos
368 1155 452 1199 snas.

166 1256 326 1319 Postremo
355 1252 626 1337 Periplecomenus
659 1251 897 1315 matrimonium
929 1258 1092 1336 propterea
1126 1251 1256 1336 speruit,

83 1356 164 1440 quod
186 1354 278 1419 liberi
297 1353 379 1439 patri
398 1352 514 1416 multas
532 1371 724 1436 magnasque
742 1350 970 1415 sollicitudines
986 1352 1117 1415 atterant
1136 1373 1162 1415 v.
1176 1352 1253 1416 719:

188 1471 234 1523 Pet
257 1471 279 1524 si
299 1470 462 1534 habuissem,
483 1470 548 1522 satis
568 1468 696 1537 cepissem
715 1467 880 1520 miseriarum
901 1483 915 1520 e
934 1467 1032 1520 tiberis.

193 1644 325 1697 Continuo
344 1645 510 1696 excruciarer
528 1644 625 1696 animi:
653 1643 675 1695 si
695 1643 718 1695 si
737 1643 805 1695 torte
823 1643 920 1695 inisset
940 1643 1030 1708 febris,
1137 1629 1139 1634 ¹

190 1731 329 1785 Censorem
349 1732 445 1784 emori:
473 1731 645 1783 cecidissetve
665 1730 754 1783 ebrius
775 1733 821 1782 aut
840 1729 873 1782 de
892 1727 959 1798 'equo
978 1730 1092 1798 uspiam,

190 1817 346 1883 cernerem,
364 1834 397 1871 ne
417 1819 453 1870 ibi
473 1817 633 1885 diffregisset
653 1832 730 1870 crura
749 1819 795 1868 aut
813 1816 928 1868 cervices
947 1817 1006 1868 sibi.

85 1922 278 2000 Quibuscum
300 1921 442 1987 versibus
464 1920 630 2004 fragmenti
655 1919 885 2005 paragraphum
905 1920 944 1983 58
972 1920 1078 2003 aliqua
1110 1941 1147 1983 ex
1171 1927 1258 2005 parte

85 2021 256 2107 comparari
302 2042 390 2107 posse
432 2020 582 2085 arbitror:
616 2021 681 2083 rint
718 2041 797 2106 qrroe
832 2021 998 2083 senectutis
1032 2020 1158 2084 attritio
1186 2026 1260 2084 suut

82 2123 225 2185 enutrire
246 2122 341 2190 domi.
362 2122 418 2206 qni
438 2127 494 2183 cut
512 2122 604 2204 prior
626 2120 750 2201 teforte
765 2121 923 2185 moriatur
943 2127 999 2183 ant
1011 2120 1260 2204 perversissimis

81 2224 123 2285 sit
144 2223 286 2285 moribus
313 2228 369 2285 ont
390 2228 469 2286 certe
490 2239 588 2300 quum
619 2220 662 2283 od
683 2227 845 2283 matarum
864 2226 997 2284 aetatem
1018 2221 1146 2298 emerit,
1168 2219 1259 2283 tarde

81 2323 271 2386 eioideoris
298 2321 406 2385 mori?

89 2440 196 2521 Neque
238 2439 322 2502 euim
354 2437 474 2501 minore
510 2443 611 2513 metu,
654 2457 693 2499 ue
733 2435 817 2498 titius
859 2457 892 2498 se
930 2435 1094 2514 sollicitet,
1136 2436 1260 2521 sapiens

87 2537 335 2622 Theophrasteus
360 2543 546 2621 perterretur
569 2556 663 2618 quam
688 2535 966 2620 Periplecomeuus.

173 2655 218 2718 Ex
240 2654 299 2732 his,
324 2674 402 2738 quae
424 2652 500 2730 dixi,
524 2650 600 2716 satis
621 2673 772 2737 apparere
794 2652 920 2717 videtur
941 2673 1010 2716 eam
1026 2659 1147 2737 partem
1162 2653 1259 2718 Theo·

89 2755 250 2838 phrasteae
268 2753 343 2831 περὶ
358 2750 463 2832 γάμου
479 2750 713 2835 disputationis
729 2773 807 2836 quae
825 2752 913 2816 nobis
929 2761 1050 2816 servata
1068 2761 1124 2831 est,
1140 2762 1261 2838 aposta

85 2875 154 2918 esse
171 2853 354 2917 adhibitam.
399 2853 478 2916 Nam
496 2872 603 2915 omnes
623 2854 686 2915 sere
703 2872 812 2916 versus
829 2851 867 2917 ad
880 2851 1128 2937 Theophrastum
1145 2855 1259 2917 reterre

87 2953 249 3038 potuimus
272 2961 394 3036 praeter
423 2973 531 3016 versus
570 2952 642 3016 inde
673 2953 711 3016 ab
742 2952 801 3016 687
831 2973 929 3037 usque
967 2953 1005 3016 ad
1038 2953 1115 3032 689,
1146 2952 1260 3036 quibus

87 3073 218 3117 uxorem
239 3073 411 3135 numquam
435 3051 541 3116 mariti
575 3072 682 3116 curare
715 3052 968 3117 commoditatem
991 3074 1085 3117 senex
1109 3051 1259 3136 queritur.

87 3152 146 3229 Qui
167 3160 272 3215 utrum
297 3151 359 3216 iam
382 3173 400 3216 a
422 3151 536 3216 Graeco
558 3160 648 3236 poeta
672 3151 773 3216 additi
789 3153 854 3217 sint
872 3175 910 3216 au
929 3153 1068 3217 aPlauto
1085 3153 1260 3216 discernere

86 3273 148 3317 nou
180 3271 352 3336 possumus.
396 3254 545 3315 Attamen
576 3252 606 3316 id
639 3252 753 3317 saitem
785 3259 870 3338 patet
892 3253 986 3318 huius
1010 3255 1105 3339 partis
1138 3253 1261 3317 fabulae

87 3353 179 3434 louge
202 3350 339 3436 plurima
362 3350 476 3415 Graeco
499 3358 606 3437 poetae
628 3353 829 3417 attribuenda
848 3358 927 3431 esse,
950 3374 1140 3439 quamquam
1165 3374 1262 3437 pauca

87 3474 106 3516 a
127 3451 238 3515 Plauto
261 3459 373 3514 novata
394 3471 460 3514 esse
482 3450 546 3514 iam
568 3452 641 3515 iude
666 3451 827 3534 discimus,
852 3455 933 3538 qnod
957 3453 1050 3517 seriae
1073 3452 1260 3517 matronales

88 3550 132 3632 (v.
155 3548 231 3630 691)
254 3557 285 3613 et
310 3550 518 3634 quinquatrus
539 3561 831 3619 commemorantur.

172 3664 342 3750 Reliquum
371 3667 511 3747 videtur,
541 3675 577 3731 ut
606 3670 869 3752 quemadmodum
894 3678 983 3755 poeta
1015 3668 1152 3733 comicus
1184 3667 1262 3732 iibro

88 3765 322 3850 Theophrasteo
351 3787 425 3830 usus
453 3766 496 3830 sit
524 3767 631 3851 paucis
660 3768 854 3834 adumbrem.
907 3769 1014 3853 Neque
1043 3768 1128 3832 enim
1161 3775 1260 3831 totum

87 3873 310 3949 argumentum
343 3866 510 3948 tragmenti
541 3866 574 3931 in
596 3888 689 3931 usum
720 3889 811 3933 sunm
835 3868 1003 3946 convertit,
1034 3868 1089 3931 sed
1111 3866 1262 3932 nonnulla

87 3973 212 4030 tantum
246 3965 307 4029 sibi
331 3965 474 4051 sumpsit.
519 3966 663 4052 Exempli
688 3968 787 4051 gratia
808 3966 1038 4052 Theophrastus
1061 3966 1117 4031 hoc
1141 3987 1262 4050 qnoque

89 4064 174 4129 iuter
198 4064 395 4129 incommoda
418 4066 611 4131 matrimonii
631 4074 791 4143 numerat,
823 4066 902 4151 quod
928 4087 1005 4130 uxor
1030 4074 1102 4130 ante
1134 4065 1261 4149 nuptias

84 4185 147 4228 non
170 4164 364 4242 ostendatur,
399 4173 434 4228 ut
456 4186 530 4229 num
555 4164 704 4232 iracunda
724 4167 766 4230 sit
787 4165 837 4230 vel
858 4167 943 4229 fatua
964 4167 1015 4230 vel
1037 4165 1185 4231 deformis
1208 4163 1256 4228 vel

82 4264 217 4350 superba
238 4264 287 4328 vel
312 4264 426 4329 foetida
455 4272 559 4349 postea
580 4266 707 4331 demum
730 4264 888 4330 observari
911 4265 1024 4350 possit,
1059 4287 1250 4351 quamquam
