3140 5068
810 487 1018 562 -82-

329 671 543 740 siodoersntn
559 675 623 740 oiri
642 675 745 757 faciat
763 677 963 761 voluntatem,
994 678 1089 743 idest
1109 679 1192 766 qnod
1204 681 1313 763 piacet,
1333 697 1389 743 non
1403 677 1476 763 qood

329 775 462 840 indetur.

411 875 531 940 Deinde
551 876 654 960 porgit
675 876 960 961 Periplecomcnns:

468 975 533 1029 Nam
554 977 618 1028 mihi
637 976 714 1029 deum
735 977 832 1030 virtute
850 978 935 1031 dicam
955 982 1064 1046 proptor
1082 978 1189 1031 divitias
1207 993 1280 1030 meas

472 1062 560 1116 Licuit
577 1079 686 1116 uxorem
707 1064 824 1116 dotatam
843 1079 939 1131 genere
958 1081 1059 1118 summo
1078 1065 1184 1128 ducere,

331 1167 465 1234 quocum
486 1149 592 1214 statim
617 1150 785 1234 coniungas
808 1173 837 1215 v.
861 1152 939 1216 685:

469 1248 536 1302 Nam
556 1250 625 1302 bona
643 1266 711 1304 uxor
729 1266 810 1303 suavo
830 1250 946 1318 ductast,
966 1252 989 1303 si
1008 1252 1043 1304 sit
1060 1267 1171 1319 usquam
1191 1251 1321 1320 gentium,

468 1334 520 1388 Ubi
539 1351 570 1388 sa
588 1337 673 1404 possit
691 1336 812 1389 inveniri.

404 1420 462 1486 His
475 1421 617 1486 versibus
628 1423 795 1509 respondet
806 1423 1030 1509 Theophrastei
1044 1422 1211 1506 fragmenti
1223 1423 1366 1487 initium:
1378 1419 1474 1484 Fertor

330 1522 478 1586 aureolas
506 1521 715 1604 theophrasti
742 1521 820 1586 tiber
841 1523 880 1587 de
903 1525 1042 1609 nuptiis,
1074 1525 1110 1588 in
1131 1544 1192 1606 qno
1214 1524 1340 1609 quaerit
1373 1541 1411 1586 on
1433 1519 1474 1581 oir

328 1622 458 1704 sopiens
486 1622 580 1686 ducat
605 1641 750 1700 acorem,
782 1630 810 1686 et
830 1643 901 1688 cnm
923 1623 1094 1706 definisset,
1124 1624 1156 1688 si
1180 1622 1425 1708 patriarcam,
1451 1618 1474 1680 si

328 1720 404 1786 hene
424 1728 564 1799 morato,
584 1722 617 1784 si
638 1721 775 1787 honestis
795 1724 1000 1807 parentibus,
1021 1725 1051 1787 si
1069 1724 1135 1808 ipse
1155 1744 1254 1787 sanas
1276 1745 1314 1787 uc
1334 1722 1423 1798 divos,
1440 1717 1474 1780 sic

328 1821 499 1905 sapientem
530 1822 706 1903 aliqnando
733 1823 816 1886 inire
843 1824 1090 1901 matrimonium,
1120 1825 1227 1888 statim
1255 1823 1377 1888 intntit:
1406 1817 1473 1883 Haec

330 1921 490 1985 antemio
510 1922 631 2005 nuptiis
653 1942 729 1986 raro
750 1923 899 1986 aniverso
922 1923 1119 1988 concordant.
1164 1922 1238 1988 Non
1260 1929 1304 1988 ost
1324 1941 1392 2003 erpo
1410 1936 1473 1983 naor

330 2020 477 2085 ducenda
498 2022 644 2105 sapienti.

413 2120 594 2185 Similitudo
628 2121 711 2186 inter
730 2121 892 2187 Plautinos
916 2142 1024 2187 versus
1047 2127 1078 2185 et
1100 2120 1370 2207 Theophrasteum
1391 2117 1473 2182 locum

330 2243 391 2285 non
413 2220 514 2285 solum
539 2242 574 2285 os
595 2227 657 2299 est,
688 2220 770 2305 quod
793 2229 939 2305 „propter
962 2221 1089 2285 divitias
1112 2219 1215 2285 meas“
1239 2220 1366 2306 respicit
1384 2217 1417 2281 ad
1437 2211 1472 2294 „si
1545 2237 1546 2246 2

331 2322 398 2407 ipse
419 2319 526 2385 divcs“
560 2328 591 2384 et
612 2341 762 2402 „uxorem
786 2341 897 2402 genere
917 2319 1060 2386 summo“
1094 2321 1132 2384 ad
1155 2320 1202 2402 „si
1226 2320 1364 2385 honestis
1383 2335 1473 2403 peren·

330 2419 435 2486 tibus“
457 2429 489 2485 et
510 2421 611 2502 „bona
632 2419 729 2486 uxor“
752 2422 791 2484 ad
812 2421 861 2502 „si
883 2422 961 2486 bene
982 2421 1132 2500 morsta,“
1164 2421 1217 2484 ssd
1241 2421 1337 2485 etiam
1359 2417 1428 2504 quod
1447 2414 1474 2477 in

329 2529 461 2606 unoque
491 2521 556 2586 loco
580 2521 630 2585 vir
661 2520 694 2585 in
725 2521 944 2603 cogitationem
975 2521 1102 2605 quidem
1133 2520 1239 2585 uxoris
1270 2518 1418 2584 ducendae
1436 2515 1474 2577 in·

332 2620 410 2685 cidit
440 2621 535 2705 idque
566 2640 800 2705 nonnumquam
828 2621 940 2686 saltem
961 2643 1001 2686 ne
1022 2620 1250 2706 repudiandum
1283 2619 1402 2705 quidem
1420 2633 1475 2678 esse

330 2720 488 2802 concedit,
524 2727 662 2785 attamen
692 2741 764 2784 cum
786 2713 964 2786 'rarissimo
999 2720 1195 2786 condiciones
1223 2717 1407 2784 necessariae
1432 2734 1475 2776 cx-

330 2820 486 2906 plsantur‚
508 2818 676 2884 consilium
697 2819 826 2884 omittit.

414 2920 559 2985 Proxime
598 2927 702 2984 autem
732 2919 771 2983 ad
792 2919 995 2996 sententiam,
1032 2940 1111 3004 quae
1140 2926 1187 2984 cst
1228 2919 1341 2984 bonam
1369 2933 1476 2980 uxorem

330 3019 489 3085 rarissimo
512 3018 659 3101 inveniri,
682 3019 764 3084 alius
786 3019 871 3085 locus
893 3021 1060 3104 fragmenti
1081 3019 1210 3084 accedit.

410 3120 457 3184 uf.
481 3116 576 3200 §562
608 3119 675 3183 Ant
702 3121 733 3184 si
763 3120 842 3184 hona
870 3119 970 3202 faerit
990 3126 1018 3183 et
1039 3120 1149 3184 suavis
1172 3137 1263 3196 naor,
1293 3137 1371 3203 qnae
1389 3119 1475 3177 tomen

327 3239 408 3284 rara
429 3221 498 3283 acte
519 3225 573 3284 est.
589 3219 614 3300 l)

329 3320 416 3397 Quod
438 3320 636 3385 enuntiatum
657 3341 846 3404 quamquam
866 3320 949 3404 apud
965 3318 1213 3404 Theophrastum
1237 3318 1271 3382 in
1293 3318 1355 3382 alio
1377 3329 1474 3381 conexu

330 3419 445 3503 legitur
465 3428 558 3504 atque
584 3418 666 3504 apud
690 3419 838 3484 Plautum
859 3420 1053 3504 -pergitur
1076 3420 1177 3484 enim:
1208 3439 1278 3483 cnm
1298 3416 1477 3503 parturierit

327 3520 493 3601 pominnrs,
515 3540 584 3584 cnm
605 3520 802 3603 periclitante
821 3523 1002 3604 torquemur
1028 3553 1069 3564 -
1093 3530 1198 3585 tamen
1220 3519 1296 3584 adeo
1320 3517 1408 3583 etism
1435 3531 1477 3595 per

329 3619 454 3701 singula
484 3619 634 3684 vocabula
664 3641 736 3684 cum
765 3639 856 3683 versu
884 3619 1029 3684 Plautino
1059 3619 1229 3697 consentit,
1258 3627 1293 3682 ut
1326 3616 1398 3702 quin
1424 3615 1476 3676 sons

329 3719 398 3784 eius
421 3720 526 3801 fuerit,
548 3717 686 3785 dubitari
708 3744 770 3788 non
792 3720 897 3804 possit.

400 3867 426 3935 l)
445 3866 484 3921 (ti.
503 3867 620 3922 lurensi.
640 3875 689 3922 sat.
711 3869 746 3922 Vl
766 3870 830 3922 162:

537 3955 572 4008 sit
591 3956 716 4021 formosa,
735 3957 840 4023 decens,
858 3957 941 4023 dives,
960 3955 1082 4021 iocunda,
1100 3959 1219 4009 vetustos

538 4042 685 4110 porticibus
705 4043 830 4112 disponat
848 4059 920 4111 avos,
939 4044 1064 4097 intactior
1082 4043 1153 4096 omni

540 4128 659 4182 crinibus
678 4127 768 4182 effusis
787 4129 884 4182 bollum
906 4131 1045 4184 dirimente
1064 4130 1172 4192 Sabine,

539 4232 597 4268 rara
618 4217 674 4269 avis
692 4217 721 4269 in
739 4217 816 4270 terris
835 4217 964 4284 nigroque
983 4217 1117 4270 simillima
1135 4231 1231 4285 cygno.

329 4298 479 4354 Iuvenalem
499 4302 568 4354 enim
586 4302 635 4355 hac
652 4304 680 4355 in
694 4307 785 4356 satura
799 4302 915 4356 Senecae
929 4303 962 4355 do
981 4303 1147 4356 matrimonio
1163 4303 1258 4355 librum
1274 4300 1420 4354 adhibuisse
1435 4294 1471 4344 ita·
1541 4323 1542 4374 ἐ

329 4403 380 4456 qno
398 4403 430 4439 ex
448 4388 632 4456 Theophrasto
651 4389 765 4458 pendere
785 4389 976 4442 demonstravit
995 4389 1109 4443 Bockius
1128 4404 1188 4457 pag.
1208 4389 1243 4440 44
1261 4404 1301 4456 sq.
1541 4375 1542 4396 ¹
