3140 5068
780 449 986 513 ..28-

428 626 525 680 Omnes
545 626 577 679 dc
596 627 673 679 nobis
692 626 853 680 camuficum
873 626 1130 681 concelebrabuntur
1149 624 1214 676 dies.
1421 622 1471 674 311

425 713 534 777 Libane,
554 728 625 766 nunc
644 713 756 767 audacia
774 718 852 767 usust
871 715 948 768 nobis
967 714 1118 766 inventast
1137 711 1213 764 dolis.

425 800 537 852 Tantum
557 799 661 852 lacinus
680 800 757 853 modo
777 801 866 853 inveni
885 817 942 869 ego,
961 804 992 853 ut
1010 816 1059 853 uos
1078 799 1198 852 dicamur
1216 797 1269 850 duo

427 885 548 938 Omnium
569 886 726 953 dignissumi
746 903 804 940 esse
824 903 875 955 quc
895 887 1028 941 cruciatus
1047 885 1191 939 confluant.

339 969 388 1025 ci:
425 972 493 1040 Ergo
512 973 643 1038 mirabar,
670 974 739 1042 quod
759 973 858 1026 dudum
882 973 1007 1042 scapulae
1025 972 1160 1041 gestibant
1178 973 1251 1040 mihi,
1422 974 1475 1027 315

428 1057 557 1112 Hariolari
578 1075 645 1128 quae
664 1065 824 1129 occeperunt
843 1061 894 1114 sibi
913 1076 970 1114 esse
989 1061 1017 1113 in
1033 1060 1130 1113 mundo
1144 1059 1251 1124 malum,

424 1144 559 1214 Quidquid
579 1149 627 1210 est,
646 1145 777 1214 eloquere.
813 1142 868 1199 Ire:
887 1147 1009 1214 Magnast
1028 1146 1127 1214 praeda
1145 1161 1204 1198 cum
1224 1161 1318 1214 magno
1341 1145 1419 1200 malo.

338 1228 387 1283 bi:
424 1232 450 1285 Si
472 1231 577 1300 quidem
597 1248 688 1286 omnes
707 1233 837 1286 coniurati
856 1234 1035 1287 cruciamenta
1055 1232 1202 1296 conterant,

426 1318 517 1372 Habeo
536 1319 632 1388 opinor
650 1317 805 1372 familiarem
825 1326 990 1388 tergamus
1009 1336 1134 1389 quaeram
1152 1319 1225 1373 loris.

335 1401 389 1457 Ire:
426 1405 453 1458 Si
473 1404 550 1457 istam
569 1404 756 1457 firmitudinem
777 1405 858 1458 animi
877 1407 991 1475 optines,
1012 1406 1077 1459 salvi
1097 1422 1198 1459 sumus.
1420 1404 1475 1459 320

337 1487 388 1543 Isi:
425 1490 494 1554 Quin
513 1493 536 1544 si
554 1495 628 1559 tergo
650 1507 690 1544 ros
709 1491 870 1558 solvendast,
889 1509 981 1562 rapere
1002 1493 1080 1560 cupio
1100 1493 1249 1561 publicum:

423 1578 577 1652 Pernegabo
597 1583 676 1647 atque
694 1579 840 1638 obdurabo,
859 1579 1000 1648 periurabo
1019 1579 1141 1648 denique.

337 1664 388 1718 lm:
425 1665 472 1720 lim
492 1667 544 1718 ista
562 1666 646 1718 virtus
666 1671 715 1730 est,
734 1665 840 1733 quando
860 1672 946 1725 usust,
965 1666 1010 1734 qui
1030 1666 1126 1718 malum
1145 1666 1197 1719 lert
1214 1667 1325 1720 fortiter.

424 1752 539 1805 Fortiter
557 1750 653 1804 malum
674 1753 719 1820 qui
738 1753 848 1821 patitur,
869 1752 937 1805 idem
958 1757 1019 1821 post
1037 1753 1138 1820 potitur
1156 1753 1263 1807 bonum.

338 1834 390 1891 In:
427 1838 496 1902 Quin
515 1855 569 1891 rem
590 1842 708 1891 actutum
728 1837 873 1892 edisseris?
901 1839 979 1907 cupio
999 1839 1095 1891 malum
1114 1839 1269 1893 nanciscier.
1420 1841 1473 1894 325

305 1943 432 2026 Magnos
455 1941 582 2026 quidem
605 1942 726 2007 dolores
750 1963 817 2006 esse
838 1942 1052 2022 sustinendos,
1076 1939 1244 2026 antequam
1267 1943 1361 2020 bona,
1392 1964 1471 2026 quae

303 2049 426 2126 optent,
450 2041 747 2122 manumissionem,
770 2042 908 2127 praemia
930 2042 980 2106 vel
1003 2042 1122 2106 similia
1143 2049 1363 2126 assequantur,
1388 2044 1471 2108 servi

306 2162 495 2225 quamquam
520 2142 596 2206 beno
618 2143 738 2220 sciunt,
769 2151 874 2206 tamen
897 2141 952 2205 illa
971 2142 1131 2207 commoda
1152 2149 1217 2205 tam
1240 2163 1369 2225 magna,
1403 2151 1470 2207 tam

306 2241 463 2325 praeclara
494 2241 534 2306 iis
558 2242 719 2321 videntur,
753 2251 788 2305 ut
818 2241 1029 2321 incommoda,
1064 2262 1142 2326 qnae
1170 2241 1367 2326 suscipienda
1388 2250 1465 2306 sunt

304 2341 403 2406 multo
430 2351 586 2428 superent.
630 2342 710 2420 Quin
740 2343 834 2406 etiam
863 2342 1014 2405 virtutem
1044 2341 1121 2405 meli
1149 2341 1270 2405 fortiter
1290 2342 1467 2427 perferendi

304 2451 465 2528 propterea
480 2443 695 2507 tantummodo
715 2451 867 2520 exercent,
892 2442 972 2526 quod
995 2449 1100 2526 postea
1120 2441 1340 2506 emolumentis
1352 2463 1385 2506 se
1402 2463 1469 2506 esse

304 2541 456 2628 potituros
478 2544 593 2607 habent
615 2564 815 2628 persuasum,
847 2543 904 2607 hoo
926 2550 973 2605 est
994 2540 1143 2605 utilitatis
1165 2563 1273 2623 causa,
1296 2562 1358 2626 qua
1380 2542 1414 2606 in
1438 2565 1469 2606 re

307 2644 419 2708 iterum
441 2643 611 2728 Epicureae
640 2643 796 2707 doctrinae
818 2643 884 2707 vim
913 2641 1144 2721 cognoscimus,
1175 2641 1229 2725 qui
1261 2641 1381 2705 nullam
1405 2642 1467 2705 vir·

304 2751 403 2810 tutem
428 2743 489 2806 nisi
513 2744 620 2807 eadem
639 2744 677 2807 de
700 2764 791 2807 causa
814 2743 984 2806 exercebat.

388 2845 432 2908 cf.
457 2846 546 2926 lrgm.
569 2845 630 2908 504
662 2844 763 2926 (Diog.
786 2844 819 2906 L.
842 2843 869 2906 X
896 2843 984 2922 138):
1019 2841 1074 2904 dcci
1102 2840 1140 2902 δὲ
1170 2840 1231 2923 τήν
1262 2840 1383 2923 ἠδονῇν
1416 2842 1470 2904 καὶ

302 2943 362 3017 τοίς
383 2944 504 3023 ripariis
523 2941 709 3025 αἱρεῖσθαι,
740 2941 781 3006 ον’
802 2943 843 3006 δι’
865 2941 984 3021 αὑτάς,
1019 2939 1133 3020 ὥσπερ
1161 2942 1222 3023 τήν
1251 2939 1397 3026 ἰατρικήν
1417 2941 1473 3004 dcci

301 3043 363 3126 τήν
383 3042 515 3123 ὑγίειαν,
538 3041 632 3107 καθά
655 3061 736 3126 φησι
756 3043 810 3104 καὶ
832 3050 981 3126 Διογένης
1003 3043 1038 3105 ἐν
1059 3043 1223 3126 τῇῖῐτοῑν
1242 3041 1444 3105 Ἐπιλέκτων.

386 3153 426 3216 Et
455 3151 573 3214 ibidem
605 3148 737 3233 (Seneca
760 3149 833 3214 dial.
859 3151 919 3214 Vll
949 3151 986 3214 ad
1011 3151 1186 3215 Gallionem
1217 3150 1254 3214 dc
1287 3149 1353 3214 vita
1385 3149 1473 3213 beata

303 3254 331 3328 9,
350 3249 397 3333 1):
428 3251 490 3316 neo
512 3259 547 3315 tu
566 3271 696 3332 quoque,
726 3251 829 3335 inquit
850 3249 1047 3334 (Epicurus)
1070 3251 1213 3314 oimntem
1237 3270 1302 3314 oon
1323 3248 1359 3313 ob
1382 3249 1473 3313 uliud

304 3353 378 3416 colis
401 3373 494 3438 quom
518 3353 594 3437 quic
615 3351 759 3431 aliquam
780 3370 818 3412 ec
839 3349 900 3414 illo
922 3369 1031 3435 sperus
1054 3353 1250 3430 voluptatem.

387 3452 472 3516 ldem
497 3459 600 3516 autem
624 3459 708 3536 patet
730 3451 824 3514 etiam
848 3451 887 3516 de
911 3450 1093 3515 l'ortitudine
1113 3450 1227 3514 valere.

387 3552 432 3616 cf.
451 3555 540 3634 lrgm.
556 3552 617 3614 516
639 3550 803 3634 (Origenes
818 3559 924 3615 contre
942 3551 1066 3629 Celsum
1080 3551 1159 3615 V47
1179 3573 1206 3636 p.
1219 3550 1281 3616 270
1304 3547 1470 3632 (lloesch):

303 3645 388 3713 οὕτω
408 3650 446 3712 δὲ
463 3650 517 3713 καὶ
538 3644 620 3733 ἄλλη
634 3653 696 3730 μὲν
710 3649 730 3731 ἡ
745 3646 935 3730 Ἐπικούρου
953 3650 978 3713 α’
982 3650 1094 3730 colpeio
1111 3651 1333 3731 ὑπομένοντος
1353 3648 1474 3721 πόνους

301 3751 357 3813 ora
379 3750 484 3836 maryris
504 3748 617 3813 ruricort
639 3748 809 3828 πλειόνων,
842 3745 924 3833 ἄλλο
947 3749 1017 3831 ‹t’p
1048 3752 1106 3812 τοῦ
1136 3749 1207 3812 o’rrd
1231 3751 1289 3832 τῆς
1310 3751 1410 3822 στοᾶς
1430 3746 1474 3809 δι’

301 3849 406 3913 adada·
428 3847 621 3929 αἱρουμένου
643 3853 760 3913 πᾶσαν
782 3842 908 3933 α’ρετήν
929 3850 995 3912 κτλ.

388 3949 518 4014 Accedit
544 3971 617 4014 vero
647 3949 743 4014 etiam
765 3949 840 4030 hoc,
870 3970 930 4034 quo
957 3949 1141 4035 Epicuream
1172 3948 1238 4013 illis
1269 3948 1301 4012 in
1332 3948 1474 4012 versibus

303 4049 392 4115 nobis
416 4049 554 4134 praeberi
585 4050 758 4115 doctrinam
790 4049 891 4131 magis
918 4058 1055 4135 apparet.
1100 4073 1129 4115 v.
1151 4049 1214 4114 320
1242 4047 1473 4112 firmitudinem

302 4149 401 4213 animi
433 4156 704 4214 commemoratam
737 4148 894 4222 videmus,
925 4170 1019 4233 quam
1050 4150 1089 4214 ab
1118 4149 1251 4235 Epicuro
1274 4168 1340 4212 csse
1368 4154 1473 4233 postu·

300 4236 398 4313 latam
421 4269 437 4312 c
461 4249 633 4331 fragmento
645 4250 705 4314 397
730 4247 948 4331 intellegimus
972 4248 1049 4331 (Cic.
1072 4250 1101 4313 d.
1122 4249 1143 4314 l.
1164 4245 1265 4330 140):
1284 4247 1475 4312 Eatrcmnm
