3140 5068
828 439 1036 504 ..32-

427 615 491 679 Nec
512 615 603 680 aliter
624 617 707 680 inter
729 617 914 684 Graecorum
937 619 1072 684 comicos
1095 627 1201 704 poetas
1222 618 1438 704 Apollodorus
1470 619 1505 684 ad·

341 723 445 779 monet
466 715 616 794 homines,
642 737 680 781 ue
699 719 831 800 negotiis
849 740 881 782 se
892 718 1007 784 dedant
1019 721 1138 802 ingml
1155 718 1255 802 (Kook
1268 721 1315 783 lll
1328 741 1396 806 pag.
1413 719 1501 798 288):

552 810 737 888 α’πραγμόνως
754 815 802 887 ζῆν
821 811 878 888 ἡδύ.
914 813 1054 892 μακάριος
1071 821 1129 889 βίος

550 903 596 954 καὶ
613 900 723 975 σεμνός,
743 897 778 955 ἄν
797 889 813 978 ᾖ
830 905 897 974 μεθ’
915 903 1017 977 ἑτέρων
1036 904 1226 978 ἀπραγμόνων

549 985 581 1041 ἐν
594 990 707 1061 θηρίοις
721 988 751 1042 δὲ
769 990 816 1042 καὶ
834 983 969 1061 πιθήκοις
988 987 1055 1043 ὄντα
1074 989 1120 1045 δεῖ

551 1070 625 1128 εἶναι
645 1077 777 1146 πίθηκον·
805 1071 826 1128 ci
846 1070 1021 1150 ταλαιπώρου
1040 1079 1109 1146 βίον.

424 1182 491 1246 lam
524 1180 661 1259 cirillia,
693 1202 771 1264 qnae
800 1179 838 1244 de
874 1183 1125 1268 compensatione
1158 1181 1407 1268 disputavimus,
1444 1203 1501 1266 per·

341 1281 485 1365 spicuum
516 1281 551 1343 lit
589 1280 758 1366 Epicurum
798 1281 939 1347 homines
972 1283 1016 1346 ita
1051 1283 1088 1348 ad
1129 1283 1354 1347 beatitudinem
1397 1282 1503 1346 ducere

340 1380 486 1460 voluisse,
515 1381 699 1445 atmodum
722 1381 833 1445 babere
853 1381 887 1446 in
910 1371 1095 1467 unaquaque
1119 1382 1279 1467 voluptate
1302 1402 1353 1446 eos
1378 1381 1502 1446 iuberet.

340 1480 427 1557 Quod
448 1488 554 1546 antem
576 1481 614 1544 de
644 1479 802 1565 voluptate
826 1481 909 1546 idem
933 1482 1029 1545 etiam
1049 1481 1088 1546 de
1110 1482 1260 1546 omnibus
1283 1481 1502 1567 cupiditatibus

340 1581 435 1646 valet:
459 1602 644 1666 semperne
667 1581 859 1665 quidnimis
883 1581 1042 1663 iaciamus,
1064 1582 1239 1648 cavendum
1263 1590 1319 1647 est.
1363 1580 1502 1667 Exempli

340 1680 440 1763 gratia
461 1681 592 1746 nimiam
617 1681 697 1746 iram
720 1681 821 1746 vitare
842 1681 1001 1746 debemus.

424 1798 469 1862 cf.
496 1799 587 1880 irgm.
616 1798 678 1863 484
708 1797 839 1884 (Seneca
861 1820 908 1885 ep.
940 1801 992 1878 18,
1019 1798 1088 1880 14):
1131 1797 1194 1864 sea
1222 1799 1286 1863 ιὀνα
1316 1798 1503 1882 incipiamus

341 1896 508 1981 epistolam
540 1899 724 1983 complicare.
768 1899 919 1980 „Prias‚“
950 1901 1072 1984 inquis,
1109 1899 1238 1980 „redde‚
1273 1899 1357 1984 quod
1389 1897 1501 1963 debes.“

341 1996 495 2083 Delepabo
522 2005 550 2062 tc
579 1999 623 2062 cd
650 1997 837 2084 Epicurum.
880 1998 919 2064 cb
949 2002 1003 2064 illo
1031 2001 1084 2080 fiet
1113 1999 1308 2064 numeratio:
1341 2000 1501 2062 immodico

349 2099 400 2161 ira
428 2099 532 2180 pipait
565 2100 737 2163 insaniam.
780 2099 836 2164 boc
866 2119 961 2181 quom
980 2121 1087 2164 aarum
1107 2101 1164 2176 sit,
1193 2119 1314 2164 αιοοοεο
1343 2105 1387 2162 rat
1415 2099 1501 2175 acina

345 2218 416 2263 cum
437 2197 588 2262 habueris
609 2205 637 2262 et
658 2219 782 2264 acroam
805 2207 833 2263 et
854 2201 1028 2264 inimicum.

423 2298 463 2362 ut
482 2298 603 2364 ibidem
624 2298 787 2381 (Horatius
808 2300 897 2385 epist.
919 2301 934 2365 I
956 2302 986 2382 2,
1003 2297 1074 2380 62):

550 2399 589 2452 ira
608 2399 681 2453 iuror
699 2401 785 2454 brevis
805 2405 860 2453 est:
886 2403 1002 2454 animum
1020 2416 1090 2468 rege.

340 2483 542 2570 (Apollonius
563 2485 647 2551 Stob.
669 2487 733 2552 lior.
754 2487 814 2551 XX
824 2486 897 2568 49);
920 2490 976 2570 τῆς
997 2485 1183 2567 ὄξοθομίας
1203 2483 1241 2547 cd
1264 2479 1371 2557 ἄνθος
1391 2487 1497 2564 μανία.

422 2604 561 2679 Quocum
583 2624 684 2668 nonne
712 2624 837 2689 prorsus
859 2605 1014 2670 consentit
1035 2603 1228 2668 Philemonis
1258 2604 1349 2685 frgm.
1375 2601 1498 2674 1841185

339 2701 440 2784 (Koclr
464 2703 494 2766 ll
518 2725 584 2788 pag.
608 2701 702 2784 529):

549 2799 716 2874 putubasto
735 2803 845 2865 πάντες,
864 2796 969 2857 ὁπόταν
987 2797 1175 2877 ὄργιζοῖμεθα.

547 2881 577 2940 τὸ
597 2883 651 2959 γὰρ
672 2894 820 2960 κατασχεῖν
838 2885 897 2942 ἐστι
916 2885 969 2962 τὴν
986 2887 1073 2964 ὀργήν
1092 2888 1196 2950 advos?

338 2975 377 3039 Et
398 2975 543 3040 Bacchid.
567 2999 594 3040 v.
615 2977 677 3041 408
699 2977 888 3042 Philoxenus
909 2999 1033 3044 servum
1056 2979 1218 3042 admonet:

476 3075 550 3142 Heia,
567 3075 655 3144 Lyde:
675 3075 771 3130 leniter
790 3077 834 3150 qui
854 3077 984 3142 saeviunt,
1003 3079 1111 3146 sapiunt
1129 3077 1222 3145 magis.

338 3162 549 3246 Cupiditatem
572 3163 656 3227 liniri
680 3163 767 3227 iubet
790 3163 885 3228 etiam
906 3164 1076 3230 Palaestrio
1098 3165 1212 3230 Militis
1232 3187 1261 3229 v.
1288 3166 1384 3228 1214:

338 3259 406 3314 atil:
440 3259 508 3325 Quid
528 3268 608 3330 opust
629 3263 737 3316 verbis?
765 3264 912 3316 libertatem
932 3265 980 3317 tibi
999 3281 1047 3332 ego
1067 3270 1093 3318 et
1111 3266 1218 3318 divitias
1238 3265 1315 3328 dabo,

442 3349 470 3402 Si
490 3350 624 3419 impetras
660 3347 716 3403 Pu:
744 3351 861 3404 Reddam
881 3353 1058 3421 impetratum.
1095 3350 1162 3404 atil:
1196 3353 1232 3403 At
1250 3351 1344 3418 gestio.
1381 3345 1433 3402 Pu:
1465 3347 1495 3402 tt

1089 3439 1191 3493 modice
1210 3437 1293 3491 decet.

443 3522 579 3576 Moderata
598 3524 698 3577 animo:
724 3541 757 3578 ne
777 3526 813 3578 sis
833 3525 955 3595 cupidus.

338 3609 450 3692 Neque
472 3609 659 3674 immodicus
680 3632 767 3675 amor
788 3612 935 3677 vitandus
960 3634 1021 3677 non
1043 3619 1099 3677 est.

419 3727 463 3792 Cf.
487 3730 577 3810 irgm.
598 3728 660 3794 483
682 3728 841 3811 (Hermiae
865 3731 898 3794 in
925 3731 1005 3795 Plat.
1028 3728 1204 3793 Phaedrum
1227 3749 1256 3813 p.
1279 3725 1351 3809 76):
1385 3722 1417 3789 οἳ
1439 3723 1492 3803 μὲν·

335 3828 397 3907 γάρ
427 3825 594 3907 ὑπέλαβον
613 3827 727 3902 ἁπλῶς
743 3827 869 3912 φαῦλοι·
884 3830 923 3892 τό
946 3830 1035 3910 ἐρᾶν,
1057 3827 1098 3902 οἱς
1109 3828 1293 3909 Ἐπίκουρος
1311 3822 1492 3907 ὁρισάμενος

336 3925 439 3988 αὐτὸν
460 3925 535 4008 (τὸν
558 3926 676 4010 ἔρωτα)
708 3926 866 3992 σύντονον
895 3925 1004 4012 ὄρεξιν
1035 3929 1239 4012 α’φροδισίιον
1267 3929 1353 4010 μετα
1373 3925 1491 4001 οἴστρου

335 4025 389 4088 καὶ
411 4025 601 4108 ἀδημονίας.
613 4028 638 4110 ¹)

408 4257 432 4322 l)
453 4257 492 4311 cf.
511 4259 617 4312 Lucrot.
635 4259 671 4312 lV
692 4261 757 4314 1057
777 4278 834 4331 sqq.
