3140 5068
782 469 992 534 ..30-

305 657 337 716 et
357 649 504 716 Mercurii
526 648 767 736 Amphitruonis
788 670 818 712 v.
841 649 918 714 995:

369 751 449 804 Amat
469 748 625 819 (Iuppiter):
647 749 731 818 sapit:
756 754 826 802 recte
844 749 917 813 lacit,
936 749 1024 801 animo
1042 745 1148 816 quando
1166 743 1323 811 obsequitur
1343 757 1411 795 suo.

372 835 447 900 Quod
469 837 554 890 omnis
572 835 691 906 homiues
709 835 795 890 lacere
815 839 927 904 oportet,
946 833 1008 886 dnm
1027 832 1055 885 id
1074 831 1151 885 modo
1168 829 1216 888 tiat
1235 831 1311 883 hono.

303 923 381 988 Nam
406 923 438 989 id
463 923 578 1008 ipsum,
602 923 682 1007 quod
704 922 827 987 fruendi
850 921 1020 1007 praeceptis
1042 928 1234 1005 temperatur
1252 917 1393 984 adiectis
1419 917 1492 981 illis

305 1022 402 1104 „dum
426 1021 457 1088 id
481 1022 572 1088 modo
593 1024 647 1088 liat
671 1020 768 1087 bono“
792 1022 981 1106 Epicureum
1004 1030 1059 1086 est.
1156 1068 1159 1074 .

390 1121 530 1188 Fortasse
554 1122 649 1187 etiarn
671 1121 801 1187 Poennli
825 1144 853 1187 v.
877 1123 1019 1187 ase-87
1042 1121 1103 1185 huc
1124 1120 1298 1206 pertinent:

378 1221 437 1275 Non
456 1223 524 1276 enim
545 1223 615 1292 potis
634 1227 675 1276 est
694 1226 820 1290 quaestus
838 1221 907 1287 fieri,
924 1222 977 1275 nisi
997 1226 1119 1289 sumptus
1138 1220 1267 1288 sequitur,
1286 1218 1359 1272 scio:

377 1307 410 1362 Et
429 1315 517 1362 tamen
537 1311 663 1377 quaestus
683 1323 737 1360 non
758 1309 895 1374 consistet,
914 1309 937 1360 si
956 1324 1015 1360 enm
1034 1310 1156 1374 sumptus
1175 1311 1293 1373 superat,
1310 1319 1399 1356 soror.

305 1395 499 1480 Quamquam
523 1394 606 1460 enim
637 1416 697 1459 non
726 1394 764 1459 de
788 1394 947 1480 voluptate
968 1403 999 1458 et
1021 1393 1124 1458 dolore
1154 1392 1208 1456 sed
1230 1391 1269 1455 de
1289 1397 1435 1474 quaestu
1458 1399 1490 1453 et

304 1503 433 1580 sumptu
454 1493 577 1578 agitur,
609 1501 714 1560 tamen
745 1494 829 1558 inter
861 1495 916 1559 hos
938 1513 1046 1558 versus
1068 1500 1099 1556 et
1121 1491 1307 1576 Epicuream
1329 1511 1488 1574 compen-

305 1595 457 1660 sationem
482 1593 725 1660 similitudinem
749 1595 904 1678 quandam
937 1614 1003 1658 esse
1025 1592 1132 1675 negari
1155 1613 1217 1656 non
1239 1597 1350 1676 potest.
1397 1589 1487 1653 Nam

306 1695 387 1780 quod
420 1693 536 1760 dicitur
568 1693 637 1768 sine
670 1701 797 1779 sumptu
829 1701 977 1778 quaestus
1006 1692 1074 1756 lieri
1106 1714 1168 1757 non
1198 1711 1302 1776 posse,
1338 1689 1371 1753 id
1396 1690 1488 1754 nihil

305 1793 391 1860 aliud
417 1802 464 1860 est
485 1816 520 1860 ac
549 1793 630 1878 quod
652 1793 805 1882 Epicurus
834 1793 910 1858 dicit
940 1813 1176 1877 nonnumquam
1203 1790 1271 1854 sine
1295 1789 1403 1854 dolore
1431 1812 1486 1854 vo-

306 1895 458 1980 luptateru
481 1915 542 1959 non
565 1913 653 1979 posse
676 1893 838 1979 impetrari
860 1903 890 1956 et
914 1892 995 1976 qnod
1018 1901 1180 1976 sumptum
1196 1891 1298 1954 vitare
1320 1890 1484 1966 iubemur,

306 1994 361 2078 qui
380 2002 542 2079 quaestum
558 2001 692 2079 superat,
715 1993 747 2057 id
771 1992 853 2057 idem
878 2002 925 2056 est
946 2014 982 2056 ao
1005 1992 1095 2076 quod,
1115 1991 1252 2056 dolorem
1270 1999 1306 2054 ut
1327 1989 1482 2066 vitemus,

308 2093 364 2158 ille
385 2094 540 2172 admonet,
563 2113 656 2176 quem
681 2113 740 2157 non
764 2092 862 2157 maior
885 2092 1027 2176 sequitur
1048 2091 1201 2177 voluptas.

389 2211 471 2276 Haeo
492 2217 565 2274 sunt
586 2208 680 2274 huius
701 2208 868 2288 doctrinae,
888 2230 966 2293 quae
987 2209 1020 2273 in
1043 2209 1157 2274 fabulis
1169 2208 1325 2272 Plautinis
1346 2207 1481 2271 investi-

310 2309 469 2394 gavimus,
497 2309 645 2392 vestigia3
674 2309 735 2374 iarn
763 2309 889 2373 Terenti
921 2310 1093 2374 comoedias
1123 2307 1411 2394 pervestigantibus
1441 2305 1481 2370 ad

309 2431 354 2492 ea,
376 2429 455 2496 quae
466 2408 690 2494 congessimus,
706 2431 766 2475 non
782 2431 879 2496 pauca
892 2411 1039 2475 accedent
1050 2409 1311 2495 compensationis
1323 2407 1479 2492 exempla

309 2511 394 2576 lnter
412 2507 539 2595 optima,
561 2529 640 2595 quae
662 2511 788 2576 omnino
814 2520 948 2593 exstant,
970 2510 1110 2576 Andriae
1129 2531 1237 2574 versus
1260 2509 1333 2573 inde
1354 2509 1394 2572 ab
1416 2509 1478 2572 546

310 2630 408 2695 usque
429 2608 468 2674 ad
493 2611 553 2674 549
577 2630 741 2675 numerare
762 2631 824 2676 non
850 2611 968 2678 dubito.
1011 2610 1131 2688 Quibus
1152 2610 1187 2674 in
1207 2608 1351 2673 versibus
1373 2608 1478 2690 agitur

309 2710 347 2776 de
369 2709 507 2776 Simonis
528 2718 560 2774 et
580 2709 756 2774 Chremetis
787 2711 957 2778 liberorum
987 2711 1123 2796 nuptiis,
1154 2730 1233 2795 quae
1263 2709 1326 2774 iam
1357 2707 1477 2772 dudum

309 2809 436 2894 quidem
465 2809 504 2874 sb
526 2809 583 2873 hoc
605 2808 774 2894 permissae
797 2821 890 2893 snut,
920 2813 972 2878 sed
1003 2834 1039 2877 eo
1068 2811 1169 2876 invito
1191 2810 1289 2875 nimis
1311 2817 1477 2894 repentes

309 2907 437 2974 Simone
468 2907 687 2973 instituuntur.
731 2910 850 2976 Tamen
879 2914 1091 2990 Chremetem,
1127 2911 1182 2995 qui
1216 2910 1316 2996 primo
1351 2910 1388 2986 de
1420 2909 1476 2972 hac

309 3008 438 3074 audacia
459 3029 521 3073 non
540 3007 654 3072 leviter
676 3009 774 3075 iratus
796 3021 859 3092 est,
889 3013 980 3078 facile
1002 3012 1057 3077 ille
1082 3011 1207 3076 mulcet.

413 3118 463 3185 Ah,
482 3135 515 3172 ne
534 3135 575 3172 mo
594 3119 713 3186 obsecra,
735 3113 840 3200 inquit
855 3112 1019 3176 Chremes:

413 3212 495 3278 Quasi
514 3215 563 3268 hoc
581 3218 607 3267 te
626 3214 726 3268 orando
745 3231 761 3267 a
780 3229 820 3266 me
839 3214 980 3282 impetrare
998 3214 1127 3280 oporteat.

414 3300 502 3353 Alium
522 3315 580 3354 esse
600 3317 692 3355 censes
710 3317 781 3354 nunc
801 3315 841 3352 me
862 3304 941 3368 atque
960 3299 1022 3351 olim
1042 3313 1120 3366 quom
1140 3289 1256 3349 dabam?

414 3386 443 3440 Si
462 3387 490 3439 in
509 3391 590 3440 remst
607 3387 713 3455 utrique
733 3390 763 3438 nt
780 3386 854 3451 fiant,
873 3386 972 3440 accersi
991 3385 1067 3445 iuhe;

414 3473 466 3528 Sed
485 3474 508 3525 si
527 3490 559 3526 ex
578 3489 609 3526 ea
629 3489 656 3526 re
675 3473 735 3542 plus
755 3472 843 3526 malist
862 3489 940 3541 quam
960 3469 1089 3529 commodi

415 3557 535 3628 Utrique,
556 3559 582 3612 id
602 3575 650 3627 ego
670 3565 695 3613 te
715 3575 760 3613 oro
780 3561 964 3613 incommune
983 3555 1165 3620 incausales,

416 3644 498 3708 Quasi
514 3645 560 3699 illa
579 3651 625 3698 lua
643 3647 679 3698 sit
696 3645 881 3714 Pamphilique
900 3661 948 3712 ego
968 3644 1017 3696 sim
1036 3645 1120 3711 pater.

394 3749 441 3814 De
463 3748 563 3814 isdem
579 3749 744 3834 Pamphilo
765 3750 895 3833 eiusque
917 3747 1018 3812 amica
1038 3746 1130 3831 paulo
1152 3753 1220 3831 post
1250 3767 1280 3810 v.
1299 3746 1361 3809 716
1383 3742 1476 3807 huius

312 3848 427 3913 ancilla
450 3849 622 3914 exclamat:

417 3948 495 4000 Nilne
513 3964 571 4002 esse
590 3949 726 4017 proprium
745 3947 903 4017 quoiquam!
931 3947 958 3999 di
977 3950 1091 3999 vostram
1110 3943 1205 3997 fidem!

416 4034 551 4088 Summum
572 4036 669 4088 bonnm
688 4049 746 4087 esse
764 4050 824 4087 erae
843 4034 935 4104 putavi
952 4033 1022 4085 hunc
1040 4030 1217 4099 Pamphilum,

416 4122 547 4186 Amicum,
566 4124 719 4185 amatorem,
736 4120 820 4172 virum
838 4122 866 4172 in
885 4119 977 4189 quovis
995 4118 1053 4171 loco

416 4207 556 4272 Paratum
575 4221 664 4259 verum
683 4221 716 4258 ex
734 4222 765 4259 eo
784 4223 856 4260 nunc
875 4207 971 4260 misera
988 4220 1066 4273 quem
1085 4203 1157 4272 capit

417 4290 561 4347 Laborem!
587 4292 665 4345 facile
685 4292 727 4345 hic
746 4293 806 4361 plus
826 4295 914 4347 maliet
932 4308 1011 4361 qnam
1029 4290 1084 4343 illio
1103 4290 1174 4344 boni.
