3140 5068
804 469 1012 532 ..72-

404 645 525 712 Deinde
555 653 592 712 ut
619 646 702 732 apud
730 645 904 712 Lueianum
926 647 1108 733 Aristippus
1136 645 1301 712 obsonator
1336 645 1476 731 peritissi-
1540 583 1542 638 i

1541 751 1542 826 l

1540 829 1542 882 l

322 768 393 812 mus
410 747 599 827 nominatur,
623 746 952 832 itePeriplecomenus
975 768 1097 833 quoque
1117 768 1150 812 se
1166 767 1232 811 esse
1254 747 1476 828 „obsonatorem

321 847 507 934 optumum“
529 847 632 912 iactat.

405 949 451 1012 cf.
473 969 503 1013 v.
527 949 606 1012 667:

357 1047 407 1102 Vel
431 1048 585 1118 primarium
616 1048 763 1117 parasitum
788 1052 868 1118 atque
893 1050 1077 1103 obsonatorem
1106 1053 1243 1117 optumum
1273 1050 1348 1118 (hinc
1373 1049 1476 1104 indidem

1043 1152 1195 1204 expromam
1213 1135 1283 1206 tibi).

406 1223 498 1288 Nunc
527 1242 600 1288 vero
630 1220 846 1288 testimonium
876 1220 956 1286 mihi
985 1223 1178 1310 afferendum
1207 1231 1272 1304 est,
1301 1245 1361 1308 qno
1388 1223 1476 1288 omnis

323 1321 495 1402 dubitatio,
524 1322 602 1408 quin
623 1322 823 1409 Aristippum
856 1321 1000 1387 habuerit
1031 1323 1211 1408 exemplum
1242 1333 1349 1408 poeta,
1379 1323 1405 1387 si
1426 1344 1476 1406 qua

323 1431 476 1508 superest,
505 1443 575 1487 mee
593 1422 721 1507 quidem
742 1422 898 1487 sententia
916 1423 1048 1488 tollitur.
1099 1423 1194 1509 Apud
1211 1423 1382 1506 Diogenem
1404 1423 1476 1488 enim

324 1525 496 1589 1175-77
521 1523 600 1588 duae
627 1523 879 1587 narratiunculae
902 1523 1034 1609 scriptae
1057 1524 1213 1606 leguntur,
1239 1546 1256 1589 e
1282 1523 1395 1610 quibus
1414 1545 1475 1609 quo-

324 1627 414 1692 modo
425 1625 609 1710 Aristippus
625 1624 883 1690 obtrectatoribus
899 1624 1015 1688 inicere
1029 1623 1139 1689 solitus
1150 1625 1193 1689 sit
1204 1626 1363 1710 pudorem,
1380 1626 1475 1690 elucet.
1541 1649 1542 1680 1

408 1724 615 1810 inspiciamus
647 1724 786 1810 primum
816 1725 846 1788 ll
876 1725 933 1789 75:
969 1724 1051 1802 πρός
1077 1725 1137 1786 cdv
1165 1725 1376 1790 ὀνειδίσαντα
1402 1724 1477 1803 αὐτῷ
1541 1727 1542 1730 ’

325 1825 487 1908 πολυτελῆ
514 1825 666 1912 ὀψωνίαν
689 1826 762 1907 ἔφη·
791 1823 833 1888 σι)
862 1824 892 1886 δ’
913 1823 971 1888 οόκ
991 1821 1035 1886 ἄν
1055 1821 1232 1904 τριωβόλου
1260 1826 1355 1888 ταῦτ’
1372 1827 1476 1906 ἐπρίω·

324 1923 584 2010 ὁμολογήσαντος
605 1925 657 1988 dd·
679 1926 784 1988 οὐκέτι
805 1929 932 2004 τοίνυν,
954 1926 1027 2006 ἔφη,
1050 1923 1222 2009 φιλήδονος
1243 1925 1322 2008 ἐγώ,
1345 1927 1424 1991 ὀλλό
1442 1925 1476 1990 ori

326 2026 527 2110 φιλάργυρος,
556 2026 669 2092 deinde
691 2027 721 2091 Il
751 2028 891 2091 76-77:
932 2024 1115 2101 Πολυξένου
1148 2031 1310 2092 ποτέτοῦ
1332 2028 1478 2111 σοφιστοῦ

326 2125 536 2200 εἰσελθόντος
556 2126 639 2205 πρός
659 2124 763 2188 adedo
783 2125 834 2188 καὶ
857 2129 1071 2205 θεασαμένου
1089 2126 1245 2206 γυναῖκάς
1263 2151 1301 2189 τε
1321 2129 1374 2191 καὶ
1394 2127 1476 2190 πολι·

324 2226 401 2310 τελῇ
423 2230 586 2311 ὀψωνίαν,
615 2227 732 2288 ἔπειτα
752 2223 989 2304 αἰτιασαμένου
1009 2225 1124 2306 μικρόυ
1145 2225 1321 2289 biotenate·
1345 2226 1471 2291 δύνασαι

325 2327 398 2410 ἔφη,
418 2327 472 2389 καὶ
489 2326 530 2390 cri
553 2325 696 2411 σήμερον
712 2326 792 2407 μεθ’
812 2324 904 2408 ήμῶν
919 2329 1097 2406 resecem:
1119 2328 1179 2388 τοῦ
1199 2326 1228 2388 δ’
1249 2327 1474 2398 ἐπινεύσαντος·

325 2432 360 2488 τί
379 2415 453 2505 οὖν,
486 2427 558 2507 ἔφη,
589 2427 737 2512 ἐμέμφου
743 2450 755 2503 ,·
786 2427 890 2498 ἔοικας
918 2425 979 2505 γοὶρ
1009 2424 1047 2489 ori
1072 2424 1133 2509 τήν
1163 2423 1318 2512 ὀψωνίαν
1348 2425 1427 2491 α’λλό
1446 2425 1475 2486 ed

325 2526 485 2607 ὀνοὲλωμα
504 2524 688 2590 αἰτιᾶσθαι.

406 2628 536 2693 Prorsus
563 2626 704 2691 eiusdem
727 2625 900 2690 sententiae
923 2625 1051 2704 fabella,
1083 2647 1162 2712 quae
1191 2626 1310 2711 optime
1341 2649 1409 2691 cum
1428 2625 1476 2703 his,

325 2726 484 2812 imprimis
517 2747 589 2790 oum
611 2725 726 2803 altera,
759 2725 929 2804 consentit,
963 2725 1027 2789 nisi
1056 2725 1138 2810 quod
1168 2726 1304 2791 delatata
1326 2734 1373 2791 est
1397 2733 1476 2809 atque

325 2825 524 2910 amplificata,
547 2825 630 2910 apud
645 2824 792 2888 Plautum
814 2824 965 2889 occurrit:
988 2825 1290 2911 Periplecomenum,
1314 2826 1368 2912 qui
1389 2823 1476 2891 mlle
1540 2843 1541 2904 3

325 2924 408 2990 dixit
430 2946 463 2990 se
484 2925 566 2991 vello
589 2923 755 2989 obsonare:

533 3024 611 3078 Nunc
627 3024 697 3094 quod
716 3024 807 3093 occepi
825 3023 955 3077 obsonare
974 3038 1091 3092 pergam,

324 3111 496 3177 Pleusicles
516 3119 598 3177 orat:

402 3241 404 3248 s
1037 3194 1066 3249 Si
1085 3199 1211 3249 certumst
1229 3197 1288 3262 tibi,

413 3279 612 3335 commodulum
632 3281 742 3347 obsone,
760 3295 793 3332 ne
812 3296 908 3348 magno
927 3284 1053 3350 sumptu:
1072 3281 1136 3333 mibi
1155 3281 1260 3350 quidvis
1280 3286 1322 3336 sat
1341 3287 1387 3336 eet.

325 3368 406 3434 Eum
428 3389 523 3432 senex
541 3368 699 3453 increpat:

396 3467 466 3531 Quin
485 3471 516 3520 tu
534 3467 621 3521 istanc
639 3466 784 3520 orationem
804 3467 866 3520 hinc
883 3470 997 3520 voterem
1017 3472 1097 3536 atque
1116 3468 1252 3537 antiquam
1272 3467 1396 3522 amores?

395 3553 540 3607 Proletario
559 3569 679 3607 sermone
697 3569 770 3606 nunc
788 3553 903 3622 quidem,
922 3555 1028 3624 hospes,
1046 3559 1130 3609 utere.

395 3641 462 3695 Nam
479 3641 488 3693 i
507 3640 602 3706 solent,
621 3640 727 3709 quando
746 3642 901 3706 accubuere,
920 3642 967 3694 ubi
986 3658 1052 3696 cena
1071 3643 1228 3713 adpositaet,
1247 3643 1348 3696 dicere:

397 3726 482 3793 ,Quid
501 3741 569 3796 opus
589 3726 641 3778 fuit
659 3727 709 3780 hoc
728 3731 837 3796 sumptu
855 3731 930 3782 tanto
949 3733 1040 3782 nostra
1059 3729 1165 3798 gratia?

395 3811 549 3866 Insaniristi
569 3813 672 3867 hercle:
697 3830 758 3867 nam
777 3812 846 3868 idem
865 3814 915 3868 hoc
934 3815 1085 3869 hominibus
1104 3821 1147 3870 eat
1165 3825 1222 3870 erat
1240 3817 1355 3870 decem.¹‘

395 3899 471 3964 Quod
489 3916 579 3954 eorum
598 3916 679 3954 causa
696 3902 890 3970 obsonatumst,
908 3901 1019 3971 culpant
1036 3906 1063 3956 et
1081 3902 1223 3957 comedunt
1240 3905 1338 3958 tamon.

396 4055 446 4109 Sed
465 4056 550 4109 eidem
570 4056 689 4110 hominos
707 4073 850 4126 numquam
870 4058 971 4126 dicunt,
990 4075 1149 4127 quamquam
1163 4058 1342 4129 adpositumst
1356 4056 1477 4127 ampliter:

397 4141 477 4207 ,lube
498 4140 564 4195 illud
584 4140 668 4196 demi:
693 4143 756 4196 tolle
775 4143 844 4197 hanc
862 4146 996 4213 patinam:
1021 4160 1125 4199 remove
1143 4161 1263 4215 pernam,
1281 4144 1319 4198 nil
1339 4159 1435 4198 moror:

395 4227 479 4281 Aufer
496 4227 568 4281 illam
588 4228 664 4281 ollam
684 4229 834 4297 porcinam:
859 4231 958 4299 probus
977 4232 1020 4285 hic
1038 4248 1136 4300 conger
1154 4231 1298 4299 frigidust:

397 4314 519 4380 Remove,
538 4315 581 4368 abi
600 4315 704 4368 auler:“
732 4315 862 4368 neminem
883 4331 971 4370 eorum
989 4317 1055 4372 haec
1073 4315 1228 4370 adseverare
1249 4317 1354 4386 audias,

396 4398 449 4453 Sed
466 4400 617 4470 procellunt
634 4416 662 4454 ee
682 4405 708 4455 et
725 4401 903 4470 procumbunt
921 4400 1061 4471 dimidiati,
1079 4402 1142 4457 dum
1160 4407 1301 4474 appetunt.
