3140 5068
546 435 753 500 -37-

55 620 195 678 aetate
209 612 343 695 conflari
360 662 447 677 .....
471 610 521 696 (7)
538 612 708 677 Senserunt
728 613 785 679 hoa
799 614 876 679 adeo
889 613 994 690 Stoici,
1016 617 1071 700 qui
1087 624 1114 681 ct
1131 620 1231 684 seruis

55 721 82 778 ct
107 712 296 778 mulieribus
322 711 612 794 philosophandum
634 733 698 777 esso
719 715 886 794 dicerunt;
915 712 1077 800 Epicurus
1100 738 1228 804 quoque,

54 817 114 900 qui
149 814 246 879 rudes
276 816 417 879 omnium
453 814 632 878 litterarum
659 814 704 877 ad
726 813 961 899 philosophiam
992 815 1107 880 inuitat
1137 867 1230 884 .....

54 915 108 998 (8)
134 915 246 980 Canuti
275 915 400 1000 quidem
422 915 471 979 illi
497 921 572 978 sunt
597 913 704 996 facere
735 915 818 1001 quod
845 916 961 979 ueritas
989 916 1144 1000 enipehat:
1174 919 1231 985 sad

54 1037 124 1080 non
146 1016 252 1100 potuit
281 1017 368 1080 ultra
396 1014 492 1080 uerba
520 1014 655 1096 procedi.
701 1013 847 1080 Primum
876 1016 952 1100 quia
978 1018 1086 1080 multis
1108 1019 1231 1084 artibus

54 1135 138 1200 opus
163 1121 208 1180 ast
235 1116 335 1180 atad
360 1113 595 1199 philosophiam
621 1115 725 1198 possit
746 1114 850 1179 accedi
872 1164 964 1180 .....
1002 1115 1072 1198 (12)
1092 1117 1136 1182 Oh
1162 1140 1231 1183 com

55 1237 206 1280 caussam
231 1215 358 1279 Tullius
379 1216 425 1279 ait
445 1212 615 1278 abhorrere
637 1242 653 1279 α
679 1215 879 1278 multitudine
897 1215 1142 1298 philosophiam.
1187 1220 1230 1284 At

55 1318 143 1381 cuim
165 1315 260 1379 rudes
282 1314 446 1400 Epicurus
474 1315 612 1399 accipiet.
671 1315 854 1394 Quomodo
883 1317 1053 1398 crucilia,
1085 1339 1165 1403 quac
1192 1319 1231 1384 dc

53 1415 232 1500 principiis
253 1435 362 1478 rerum
386 1415 553 1491 dicuntur,
583 1413 786 1496 inteliepent?
829 1415 917 1497 Quae
942 1417 1093 1502 perplexa
1124 1425 1150 1482 ct
1180 1419 1231 1482 in·

55 1517 166 1581 uoluta
195 1515 249 1578 oin
277 1515 371 1579 etiam
396 1515 491 1599 politi
519 1513 659 1579 hominos
688 1520 884 1580 assuuntur.
935 1515 979 1580 In
1007 1516 1100 1581 nehus
1130 1519 1232 1604 ipitur

56 1615 249 1679 obscuritate
281 1612 445 1694 inplicatis
476 1620 503 1678 et
529 1613 727 1697 inycniorum
759 1617 909 1679 varicato
936 1616 1080 1698 confusis
1108 1623 1137 1681 et
1154 1617 1229 1698 ‚aio-

60 1715 228 1802 qucntium
260 1716 401 1778 uirorum
428 1716 580 1800 acquisito
611 1733 753 1778 sumone
779 1714 900 1796 fucatis
932 1717 1004 1801 quis
1033 1717 1168 1802 inperito
1196 1741 1234 1784 ac

59 1817 142 1880 rudi
165 1814 251 1879 iocus
273 1814 342 1879 cst?
384 1813 530 1900 Denique
551 1817 659 1880 nullas
675 1835 824 1900 umquam
846 1814 994 1880 mulieres
1010 1816 1234 1904 philosophari

57 1918 238 1982 docuerant
258 1921 386 1998 practer
408 1936 507 1979 unam
529 1935 567 1980 ec
588 1916 675 1979 omni
695 1915 846 1979 momoria
871 1915 1058 1981 Ihcmisten.

150 2016 240 2080 Adde
262 2018 353 2099 frgm.
380 2016 438 2079 117
468 2015 664 2097 (Athenaeus
687 2015 765 2079 XIII
788 2036 816 2100 p.
836 2015 955 2098 588·):
988 2019 1153 2097 μακαρίζω
1184 2035 1232 2096 σε,

56 2107 243 2197 dilucidi,
266 2110 316 2178 ὅτι
331 2115 477 2194 καθαρὸς
492 2113 602 2197 πάσης
618 2114 769 2188 παιδείας
786 2116 843 2178 ἐπὶ
856 2116 1055 2200 φιλοσοφίαν
1070 2113 1233 2199 ὥρμησας.

144 2215 266 2280 Deinde
302 2215 488 2300 respiciatur
518 2215 624 2279 Senes.
663 2236 710 2299 ep.
739 2237 815 2281 mor.
846 2219 896 2298 52,
914 2219 949 2282 3:
989 2217 1150 2297 Quosdam
1187 2219 1234 2282 ait

57 2317 228 2402 Epicurus
248 2315 292 2380 od
313 2315 475 2380 ueritatem
495 2315 564 2378 sinc
584 2316 684 2380 ullius
708 2315 868 2379 adiutorio
890 2317 1001 2394 unisse,
1032 2318 1146 2400 secisse
1174 2318 1235 2382 sihi

56 2420 144 2502 ipsos
166 2417 260 2481 ciam
296 2414 352 2480 hos
372 2416 510 2480 mammc
532 2416 661 2493 laudat,
686 2415 798 2503 quihus
820 2436 857 2479 ou
876 2437 910 2480 se
928 2418 1055 2502 inpetus
1073 2417 1156 2499 suit,
1179 2418 1234 2504 qui

55 2537 90 2581 se
113 2517 178 2602 ipsi
198 2518 408 2600 protulerunt.
447 2516 602 2596 quosdam
631 2517 774 2602 indipere
797 2536 852 2602 opc
883 2517 1006 2595 aliena,
1037 2537 1101 2582 non
1122 2519 1233 2599 ituros,

56 2621 87 2682 si
109 2637 201 2682 nemo
217 2617 438 2702 praecessent,
460 2616 516 2680 sad
537 2614 613 2680 hene
632 2623 802 2681 secaturos.
815 2615 840 2697 ¹)

145 2737 285 2813 Quocum
306 2735 385 2798 bene
408 2734 562 2798 consentit
583 2734 663 2818 quod
687 2734 840 2819 Epicurus
863 2733 930 2819 ipse
941 2732 1135 2818 Pythoclem,
1159 2733 1232 2797 duo-

57 2837 216 2918 deviginti
238 2856 389 2900 annorum
412 2835 655 2913 adulescentem,
676 2841 800 2919 propter
823 2846 966 2898 naturam
985 2834 1023 2897 ed
1045 2833 1232 2919 sapientiam

57 2945 168 3023 aptam
190 2937 347 3001 laudabat.

144 3041 189 3103 Cl.
224 3039 314 3119 srgm.
350 3039 406 3101 161
441 3036 642 3119 (Plutarchus
671 3038 741 3102 adv.
764 3037 889 3101 Coloten
920 3038 960 3099 29
991 3057 1058 3120 pag.
1092 3032 1231 3116 11240):

59 3145 266 3219 προπέτειαν
287 3136 400 3199 δὲκαὶ
431 3136 593 3216 λαμυρίαν
623 3137 758 3219 ἐμποιεῖ
778 3134 997 3214 accrescent
1021 3131 1233 3208 Πυθοκλέους

59 3236 156 3303 οὔπω
178 3233 343 3318 γεγονότος
373 3235 593 3300 ὀκτωκαίδεκα
622 3239 678 3320 ἔτη
707 3234 842 3319 γράφων
871 3235 929 3300 οὐκ
958 3226 1044 3298 εἶναι
1073 3233 1174 3317 φύσιν
1197 3234 1233 3296 ἐν

59 3336 124 3422 ὅλῃ
144 3340 186 3421 τῇ
196 3335 322 3401 Ἑλλάδι
343 3335 468 3418 α’μείνω
489 3336 544 3398 καὶ
566 3339 738 3418 τερατικῶς
758 3336 862 3400 αὐτόν
884 3326 922 3401 εὖ
942 3334 1156 3417 α’παγγέλλων
1177 3334 1231 3397 καὶ

60 3439 205 3518 πάσχων
227 3427 269 3502 ad
288 3437 327 3500 cd
348 3441 413 3499 τοῖν
428 3441 595 3520 γυναικῶν,
619 3433 792 3518 εὐχόμενος
809 3437 997 3518 α’νεμέσητα
1016 3426 1100 3498 εἶναι
1116 3433 1231 3497 πάντα

60 3539 119 3601 καὶ
146 3537 365 3620 ἀνεπίφθονα
386 3539 442 3622 τῆς
463 3537 645 3622 ν’περβολῆς
667 3542 713 3618 τῷ
743 3535 949 3618 accusent)

147 3637 291 3722 Denique
317 3637 470 3722 Epicurus
507 3639 573 3723 ipse
605 3638 670 3703 iam
699 3661 776 3724 puer
813 3638 936 3723 sapiens
965 3637 1127 3701 dicebatur
1157 3642 1233 3699 eta

61 3744 163 3803 matre
190 3737 230 3802 iis
253 3737 365 3802 atomis
387 3738 584 3824 compositus,
609 3747 643 3803 ut
663 3740 786 3824 sapiens
809 3738 963 3802 evaderet.

148 3841 192 3903 Cf.
216 3840 307 3920 lrgm.
333 3839 390 3904 178
421 3838 621 3921 (Plutarchus
656 3847 761 3905 contra
783 3838 912 3924 Epicuri
944 3835 1168 3902 beatitudinem
1195 3835 1232 3898 18

59 3963 132 4028 pag.
157 3937 294 4019 1100·):
326 3941 380 4004 καὶ
410 3940 476 4022 μὴν
502 3938 572 4001 a’nd
602 3936 701 4023 δόξης
728 3943 882 4021 γίνεσθαι
910 3938 970 4013 τοὶς
997 3933 1118 4019 ήδονοὲς
1146 3933 1232 3997 Ἐπί·

138 4173 162 4239 1)
180 4173 219 4226 cf.
241 4171 294 4226 Oia.
314 4172 338 4225 d.
357 4172 375 4224 l.
394 4172 418 4224 11
437 4172 478 4225 12.
516 4171 607 4224 Senes.
627 4188 668 4240 ep.
686 4187 750 4224 mor.
768 4170 810 4236 88,
819 4170 862 4226 32.

76 4271 80 4278 ·
137 4258 163 4327 2)
182 4259 220 4312 Gi.
239 4259 315 4329 lrgm.
335 4258 392 4312 162.
413 4257 470 4312 163.
