<?xml version="1.0" encoding="UTF-8"?>
<!DOCTYPE html PUBLIC "-//W3C//DTD XHTML 1.0 Transitional//EN"
    "http://www.w3.org/TR/xhtml1/DTD/xhtml1-transitional.dtd">
<html xmlns="http://www.w3.org/1999/xhtml" xml:lang="en" lang="en">
 <head>
  <title>
</title>
<meta http-equiv="Content-Type" content="text/html;charset=utf-8" />
  <meta name='ocr-system' content='tesseract 3.04.00' />
  <meta name='ocr-capabilities' content='ocr_page ocr_carea ocr_par ocr_line ocrx_word'/>
</head>
<body>
  <div class='ocr_page' id='page_1' title='image "./periplecomenuss01rankgoog_0030.png"; bbox 0 0 3140 5068; ppageno 0'>
   <div class='ocr_carea' id='block_1_1' title="bbox 568 419 776 498">
    <p class='ocr_par' dir='ltr' id='par_1_1' title="bbox 568 419 776 498">
     <span class='ocr_line' id='line_1_1' title="bbox 568 419 776 498; baseline 0.005 -1"><span class='ocrx_word' id='word_1_1' title='bbox 568 419 776 498; x_wconf 78' lang='lat'><strong>-25-&#39;</strong></span> 
     </span>
    </p>
   </div>
   <div class='ocr_carea' id='block_1_2' title="bbox 78 607 1254 2280">
    <p class='ocr_par' dir='ltr' id='par_1_2' title="bbox 226 607 995 676">
     <span class='ocr_line' id='line_1_2' title="bbox 226 607 995 676; baseline 0 -16"><span class='ocrx_word' id='word_1_2' title='bbox 226 607 280 673; x_wconf 87' lang='lat' dir='ltr'>„Da</span> <span class='ocrx_word' id='word_1_3' title='bbox 298 608 362 661; x_wconf 88' lang='lat' dir='ltr'>mihi</span> <span class='ocrx_word' id='word_1_4' title='bbox 382 609 440 674; x_wconf 89' lang='lat' dir='ltr'>hoc,</span> <span class='ocrx_word' id='word_1_5' title='bbox 458 609 508 662; x_wconf 93' lang='lat' dir='ltr'>mel</span> <span class='ocrx_word' id='word_1_6' title='bbox 528 627 623 676; x_wconf 85' lang='lat' dir='ltr'>mcum,</span> <span class='ocrx_word' id='word_1_7' title='bbox 644 612 666 666; x_wconf 88' lang='lat' dir='ltr'>si</span> <span class='ocrx_word' id='word_1_8' title='bbox 685 627 726 664; x_wconf 86' lang='lat' dir='ltr'>me</span> <span class='ocrx_word' id='word_1_9' title='bbox 745 625 826 675; x_wconf 83' lang='lat' dir='ltr'>emas,</span> <span class='ocrx_word' id='word_1_10' title='bbox 845 609 867 662; x_wconf 88' lang='lat' dir='ltr'>si</span> <span class='ocrx_word' id='word_1_11' title='bbox 886 607 995 662; x_wconf 58' lang='lat' dir='ltr'>andes!</span> 
     </span>
    </p>

    <p class='ocr_par' dir='ltr' id='par_1_3' title="bbox 223 694 740 764">
     <span class='ocr_line' id='line_1_3' title="bbox 223 694 740 764; baseline 0.004 -16"><span class='ocrx_word' id='word_1_12' title='bbox 223 695 263 748; x_wconf 93' lang='lat' dir='ltr'>lbi</span> <span class='ocrx_word' id='word_1_13' title='bbox 281 694 326 747; x_wconf 88' lang='lat' dir='ltr'>ille</span> <span class='ocrx_word' id='word_1_14' title='bbox 345 695 470 755; x_wconf 87' lang='lat' dir='ltr'>cuculus:</span> <span class='ocrx_word' id='word_1_15' title='bbox 500 697 599 762; x_wconf 84' lang='lat' dir='ltr'>„ocelle</span> <span class='ocrx_word' id='word_1_16' title='bbox 617 699 661 764; x_wconf 88' lang='lat' dir='ltr'>mi,</span> <span class='ocrx_word' id='word_1_17' title='bbox 679 698 740 750; x_wconf 89' lang='lat' dir='ltr'>fiat:</span> 
     </span>
    </p>

    <p class='ocr_par' dir='ltr' id='par_1_4' title="bbox 223 781 857 853">
     <span class='ocr_line' id='line_1_4' title="bbox 223 781 857 853; baseline 0.002 -19"><span class='ocrx_word' id='word_1_18' title='bbox 223 781 257 835; x_wconf 81' lang='lat' dir='ltr'>llt</span> <span class='ocrx_word' id='word_1_19' title='bbox 274 782 344 835; x_wconf 88' lang='lat' dir='ltr'>istuc</span> <span class='ocrx_word' id='word_1_20' title='bbox 363 786 389 834; x_wconf 84' lang='lat' dir='ltr'>et</span> <span class='ocrx_word' id='word_1_21' title='bbox 408 783 430 836; x_wconf 88' lang='lat' dir='ltr'>si</span> <span class='ocrx_word' id='word_1_22' title='bbox 449 783 563 853; x_wconf 82' lang='lat' dir='ltr'>emplius</span> <span class='ocrx_word' id='word_1_23' title='bbox 582 785 622 838; x_wconf 82' lang='lat' dir='ltr'>ris</span> <span class='ocrx_word' id='word_1_24' title='bbox 641 784 708 850; x_wconf 85' lang='lat' dir='ltr'>dari,</span> <span class='ocrx_word' id='word_1_25' title='bbox 726 784 857 837; x_wconf 56' lang='lat' dir='ltr'>dabitur!</span> 
     </span>
    </p>

    <p class='ocr_par' dir='ltr' id='par_1_5' title="bbox 223 868 905 938">
     <span class='ocr_line' id='line_1_5' title="bbox 223 868 905 938; baseline -0.003 -15"><span class='ocrx_word' id='word_1_26' title='bbox 223 869 263 923; x_wconf 91' lang='lat' dir='ltr'>Ibi</span> <span class='ocrx_word' id='word_1_27' title='bbox 282 868 328 922; x_wconf 90' lang='lat' dir='ltr'>illa</span> <span class='ocrx_word' id='word_1_28' title='bbox 346 870 504 938; x_wconf 85' lang='lat' dir='ltr'>pendentem</span> <span class='ocrx_word' id='word_1_29' title='bbox 525 870 600 925; x_wconf 86' lang='lat' dir='ltr'>terit:</span> <span class='ocrx_word' id='word_1_30' title='bbox 626 871 678 923; x_wconf 84' lang='lat' dir='ltr'>iam</span> <span class='ocrx_word' id='word_1_31' title='bbox 698 871 812 938; x_wconf 84' lang='lat' dir='ltr'>emplius</span> <span class='ocrx_word' id='word_1_32' title='bbox 834 872 905 934; x_wconf 86' lang='lat' dir='ltr'>orat;</span> 
     </span>
    </p>

    <p class='ocr_par' dir='ltr' id='par_1_6' title="bbox 222 952 850 1026">
     <span class='ocr_line' id='line_1_6' title="bbox 222 952 850 1026; baseline 0.002 -19"><span class='ocrx_word' id='word_1_33' title='bbox 222 952 284 1008; x_wconf 83' lang='lat' dir='ltr'>Non</span> <span class='ocrx_word' id='word_1_34' title='bbox 303 956 369 1008; x_wconf 84' lang='lat' dir='ltr'>satis</span> <span class='ocrx_word' id='word_1_35' title='bbox 387 955 414 1008; x_wconf 89' lang='lat' dir='ltr'>id</span> <span class='ocrx_word' id='word_1_36' title='bbox 433 959 475 1009; x_wconf 85' lang='lat' dir='ltr'>ost</span> <span class='ocrx_word' id='word_1_37' title='bbox 492 955 563 1023; x_wconf 80' lang='lat' dir='ltr'>mali,</span> <span class='ocrx_word' id='word_1_38' title='bbox 581 957 610 1009; x_wconf 89' lang='lat' dir='ltr'>ni</span> <span class='ocrx_word' id='word_1_39' title='bbox 629 956 742 1026; x_wconf 88' lang='lat' dir='ltr'>amplius</span> <span class='ocrx_word' id='word_1_40' title='bbox 761 957 850 1023; x_wconf 85' lang='lat' dir='ltr'>otiam,</span> 
     </span>
    </p>

    <p class='ocr_par' dir='ltr' id='par_1_7' title="bbox 225 1040 944 1112">
     <span class='ocr_line' id='line_1_7' title="bbox 225 1040 944 1112; baseline 0.003 -19"><span class='ocrx_word' id='word_1_41' title='bbox 225 1040 300 1104; x_wconf 86' lang='lat' dir='ltr'>Quod</span> <span class='ocrx_word' id='word_1_42' title='bbox 319 1041 426 1106; x_wconf 89' lang='lat' dir='ltr'>ecbibit,</span> <span class='ocrx_word' id='word_1_43' title='bbox 446 1043 515 1110; x_wconf 88' lang='lat' dir='ltr'>quod</span> <span class='ocrx_word' id='word_1_44' title='bbox 535 1047 644 1107; x_wconf 83' lang='lat' dir='ltr'>comest,</span> <span class='ocrx_word' id='word_1_45' title='bbox 664 1043 734 1112; x_wconf 88' lang='lat' dir='ltr'>quod</span> <span class='ocrx_word' id='word_1_46' title='bbox 753 1043 818 1096; x_wconf 84' lang='lat' dir='ltr'>lacit</span> <span class='ocrx_word' id='word_1_47' title='bbox 836 1043 944 1112; x_wconf 85' lang='lat' dir='ltr'>sumpti.</span> 
     </span>
    </p>

    <p class='ocr_par' dir='ltr' id='par_1_8' title="bbox 224 1129 727 1192">
     <span class='ocr_line' id='line_1_8' title="bbox 224 1129 727 1192; baseline 0.002 -11"><span class='ocrx_word' id='word_1_48' title='bbox 224 1129 282 1181; x_wconf 83' lang='lat' dir='ltr'>Nox</span> <span class='ocrx_word' id='word_1_49' title='bbox 300 1129 393 1181; x_wconf 91' lang='lat' dir='ltr'>datur:</span> <span class='ocrx_word' id='word_1_50' title='bbox 419 1129 525 1182; x_wconf 80' lang='lat' dir='ltr'><strong>ducitur</strong></span> <span class='ocrx_word' id='word_1_51' title='bbox 544 1129 644 1182; x_wconf 85' lang='lat' dir='ltr'>tamilla</span> <span class='ocrx_word' id='word_1_52' title='bbox 662 1134 727 1192; x_wconf 84' lang='lat' dir='ltr'>tota,</span> 
     </span>
    </p>

    <p class='ocr_par' dir='ltr' id='par_1_9' title="bbox 224 1215 1137 1284">
     <span class='ocr_line' id='line_1_9' title="bbox 224 1215 1137 1284; baseline 0.004 -19"><span class='ocrx_word' id='word_1_53' title='bbox 224 1215 377 1284; x_wconf 86' lang='lat' dir='ltr'>Vestiplica‚</span> <span class='ocrx_word' id='word_1_54' title='bbox 395 1219 499 1282; x_wconf 88' lang='lat' dir='ltr'>unctor,</span> <span class='ocrx_word' id='word_1_55' title='bbox 517 1216 574 1268; x_wconf 88' lang='lat' dir='ltr'>auri</span> <span class='ocrx_word' id='word_1_56' title='bbox 594 1220 693 1281; x_wconf 88' lang='lat' dir='ltr'>custos,</span> <span class='ocrx_word' id='word_1_57' title='bbox 712 1215 893 1281; x_wconf 86' lang='lat' dir='ltr'>flabellitcrae‚</span> <span class='ocrx_word' id='word_1_58' title='bbox 912 1215 1137 1284; x_wconf 79' lang='lat' dir='ltr'>sandaligerulae,</span> 
     </span>
    </p>

    <p class='ocr_par' dir='ltr' id='par_1_10' title="bbox 224 1300 838 1368">
     <span class='ocr_line' id='line_1_10' title="bbox 224 1300 838 1368; baseline 0.003 -14"><span class='ocrx_word' id='word_1_59' title='bbox 224 1301 368 1367; x_wconf 84' lang='lat' dir='ltr'>Gentrices‚</span> <span class='ocrx_word' id='word_1_60' title='bbox 387 1300 579 1367; x_wconf 85' lang='lat' dir='ltr'>cistellatrires,</span> <span class='ocrx_word' id='word_1_61' title='bbox 597 1303 694 1368; x_wconf 90' lang='lat' dir='ltr'>nuntii,</span> <span class='ocrx_word' id='word_1_62' title='bbox 712 1302 838 1368; x_wconf 78' lang='lat' dir='ltr'>tonantii,</span> 
     </span>
    </p>

    <p class='ocr_par' dir='ltr' id='par_1_11' title="bbox 224 1387 581 1456">
     <span class='ocr_line' id='line_1_11' title="bbox 224 1387 581 1456; baseline 0 -16"><span class='ocrx_word' id='word_1_63' title='bbox 224 1388 354 1456; x_wconf 88' lang='lat' dir='ltr'>Raptores</span> <span class='ocrx_word' id='word_1_64' title='bbox 374 1387 451 1456; x_wconf 84' lang='lat' dir='ltr'>panis</span> <span class='ocrx_word' id='word_1_65' title='bbox 470 1391 496 1441; x_wconf 90' lang='lat' dir='ltr'>et</span> <span class='ocrx_word' id='word_1_66' title='bbox 512 1389 581 1456; x_wconf 90' lang='lat' dir='ltr'>peni.</span> 
     </span>
    </p>

    <p class='ocr_par' dir='ltr' id='par_1_12' title="bbox 224 1472 1132 1544">
     <span class='ocr_line' id='line_1_12' title="bbox 224 1472 1132 1544; baseline 0 -18"><span class='ocrx_word' id='word_1_67' title='bbox 224 1474 268 1526; x_wconf 83' lang='lat' dir='ltr'>Fit</span> <span class='ocrx_word' id='word_1_68' title='bbox 285 1474 352 1542; x_wconf 90' lang='lat' dir='ltr'>ipse,</span> <span class='ocrx_word' id='word_1_69' title='bbox 370 1473 432 1526; x_wconf 91' lang='lat' dir='ltr'>dum</span> <span class='ocrx_word' id='word_1_70' title='bbox 453 1473 506 1528; x_wconf 89' lang='lat' dir='ltr'>illis</span> <span class='ocrx_word' id='word_1_71' title='bbox 525 1475 607 1528; x_wconf 89' lang='lat' dir='ltr'>comis</span> <span class='ocrx_word' id='word_1_72' title='bbox 626 1479 681 1542; x_wconf 85' lang='lat' dir='ltr'>est,</span> <span class='ocrx_word' id='word_1_73' title='bbox 699 1476 777 1544; x_wconf 88' lang='lat' dir='ltr'>inops</span> <span class='ocrx_word' id='word_1_74' title='bbox 796 1480 906 1530; x_wconf 83' lang='lat' dir='ltr'>ametor.</span> <span class='ocrx_word' id='word_1_75' title='bbox 925 1475 961 1543; x_wconf 86' lang='lat' dir='ltr'>(r.</span> <span class='ocrx_word' id='word_1_76' title='bbox 980 1472 1132 1539; x_wconf 83' lang='grc'>237-255)</span> 
     </span>
    </p>

    <p class='ocr_par' dir='ltr' id='par_1_13' title="bbox 224 1560 748 1630">
     <span class='ocr_line' id='line_1_13' title="bbox 224 1560 748 1630; baseline 0.002 -16"><span class='ocrx_word' id='word_1_77' title='bbox 224 1561 304 1628; x_wconf 79' lang='lat' dir='ltr'>Fugit</span> <span class='ocrx_word' id='word_1_78' title='bbox 321 1560 416 1627; x_wconf 86' lang='lat' dir='ltr'>lorum,</span> <span class='ocrx_word' id='word_1_79' title='bbox 437 1561 513 1629; x_wconf 81' lang='lat' dir='ltr'>luget</span> <span class='ocrx_word' id='word_1_80' title='bbox 531 1577 594 1614; x_wconf 90' lang='lat' dir='ltr'>suos</span> <span class='ocrx_word' id='word_1_81' title='bbox 612 1565 748 1630; x_wconf 81' lang='lat' dir='ltr'>cognatos,</span> 
     </span>
    </p>

    <p class='ocr_par' dir='ltr' id='par_1_14' title="bbox 225 1647 711 1716">
     <span class='ocr_line' id='line_1_14' title="bbox 225 1647 711 1716; baseline -0.002 -15"><span class='ocrx_word' id='word_1_82' title='bbox 225 1649 312 1716; x_wconf 80' lang='lat' dir='ltr'>Fugat</span> <span class='ocrx_word' id='word_1_83' title='bbox 330 1647 406 1716; x_wconf 88' lang='lat' dir='ltr'>ipsus</span> <span class='ocrx_word' id='word_1_84' title='bbox 425 1663 453 1700; x_wconf 90' lang='lat' dir='ltr'>se</span> <span class='ocrx_word' id='word_1_85' title='bbox 471 1649 504 1700; x_wconf 88' lang='lat' dir='ltr'>ab</span> <span class='ocrx_word' id='word_1_86' title='bbox 523 1663 572 1700; x_wconf 89' lang='lat' dir='ltr'>suo</span> <span class='ocrx_word' id='word_1_87' title='bbox 591 1651 711 1713; x_wconf 77' lang='lat' dir='ltr'>contum,</span> 
     </span>
    </p>

    <p class='ocr_par' dir='ltr' id='par_1_15' title="bbox 224 1733 1013 1802">
     <span class='ocr_line' id='line_1_15' title="bbox 224 1733 1013 1802; baseline 0 -15"><span class='ocrx_word' id='word_1_88' title='bbox 224 1733 316 1802; x_wconf 81' lang='lat' dir='ltr'>Neque</span> <span class='ocrx_word' id='word_1_89' title='bbox 335 1749 394 1786; x_wconf 89' lang='lat' dir='ltr'>eum</span> <span class='ocrx_word' id='word_1_90' title='bbox 414 1733 466 1786; x_wconf 91' lang='lat' dir='ltr'>sibi</span> <span class='ocrx_word' id='word_1_91' title='bbox 484 1734 597 1786; x_wconf 89' lang='lat' dir='ltr'>amicum</span> <span class='ocrx_word' id='word_1_92' title='bbox 618 1735 709 1789; x_wconf 89' lang='lat' dir='ltr'>volunt</span> <span class='ocrx_word' id='word_1_93' title='bbox 728 1735 788 1788; x_wconf 89' lang='lat' dir='ltr'>dici.</span> <span class='ocrx_word' id='word_1_94' title='bbox 808 1734 843 1802; x_wconf 84' lang='lat' dir='ltr'>(r.</span> <span class='ocrx_word' id='word_1_95' title='bbox 862 1733 1013 1800; x_wconf 86' lang='grc'>261-262)</span> 
     </span>
    </p>

    <p class='ocr_par' dir='ltr' id='par_1_16' title="bbox 225 1820 665 1892">
     <span class='ocr_line' id='line_1_16' title="bbox 225 1820 665 1892; baseline 0.002 -19"><span class='ocrx_word' id='word_1_96' title='bbox 225 1820 274 1884; x_wconf 82' lang='lat' dir='ltr'>Qui</span> <span class='ocrx_word' id='word_1_97' title='bbox 294 1820 322 1873; x_wconf 92' lang='lat' dir='ltr'>in</span> <span class='ocrx_word' id='word_1_98' title='bbox 338 1835 452 1892; x_wconf 84' lang='lat' dir='ltr'>amorem</span> <span class='ocrx_word' id='word_1_99' title='bbox 472 1822 665 1890; x_wconf 81' lang='lat' dir='ltr'>praecipitarit,</span> 
     </span>
    </p>

    <p class='ocr_par' dir='ltr' id='par_1_17' title="bbox 78 1906 1254 2280">
     <span class='ocr_line' id='line_1_17' title="bbox 226 1906 903 1975; baseline 0.001 -15"><span class='ocrx_word' id='word_1_100' title='bbox 226 1906 306 1960; x_wconf 85' lang='lat' dir='ltr'>Peius</span> <span class='ocrx_word' id='word_1_101' title='bbox 324 1906 394 1975; x_wconf 90' lang='lat' dir='ltr'>perit</span> <span class='ocrx_word' id='word_1_102' title='bbox 413 1907 489 1974; x_wconf 82' lang='lat' dir='ltr'>quasi</span> <span class='ocrx_word' id='word_1_103' title='bbox 508 1923 572 1960; x_wconf 84' lang='lat' dir='ltr'>saxo</span> <span class='ocrx_word' id='word_1_104' title='bbox 592 1907 678 1961; x_wconf 87' lang='lat' dir='ltr'>saliat.</span> <span class='ocrx_word' id='word_1_105' title='bbox 698 1907 733 1975; x_wconf 87' lang='lat' dir='ltr'>(r.</span> <span class='ocrx_word' id='word_1_106' title='bbox 753 1907 903 1975; x_wconf 82' lang='grc'>265-266)</span> 
     </span>
     <span class='ocr_line' id='line_1_18' title="bbox 78 1992 1254 2081; baseline -0.005 -21"><span class='ocrx_word' id='word_1_107' title='bbox 78 1997 144 2060; x_wconf 92' lang='lat' dir='ltr'>His</span> <span class='ocrx_word' id='word_1_108' title='bbox 168 1993 313 2059; x_wconf 88' lang='lat' dir='ltr'>omnibus</span> <span class='ocrx_word' id='word_1_109' title='bbox 325 1992 530 2058; x_wconf 89' lang='lat' dir='ltr'>incommodis</span> <span class='ocrx_word' id='word_1_110' title='bbox 553 2015 623 2058; x_wconf 90' lang='lat' dir='ltr'>cum</span> <span class='ocrx_word' id='word_1_111' title='bbox 646 2003 768 2081; x_wconf 85' lang='lat' dir='ltr'>praeter</span> <span class='ocrx_word' id='word_1_112' title='bbox 790 2016 888 2080; x_wconf 89' lang='lat' dir='ltr'>pauca</span> <span class='ocrx_word' id='word_1_113' title='bbox 909 1993 965 2057; x_wconf 88' lang='lat' dir='ltr'>illa</span> <span class='ocrx_word' id='word_1_114' title='bbox 980 1992 1150 2072; x_wconf 85' lang='lat' dir='ltr'>commode,</span> <span class='ocrx_word' id='word_1_115' title='bbox 1172 2010 1254 2071; x_wconf 83' lang='lat' dir='ltr'>„nox</span> 
     </span>
     <span class='ocr_line' id='line_1_19' title="bbox 78 2089 1253 2177; baseline -0.004 -18"><span class='ocrx_word' id='word_1_116' title='bbox 78 2093 198 2159; x_wconf 86' lang='lat' dir='ltr'>datur“</span> <span class='ocrx_word' id='word_1_117' title='bbox 210 2093 253 2176; x_wconf 91' lang='lat' dir='ltr'>(v.</span> <span class='ocrx_word' id='word_1_118' title='bbox 274 2090 349 2174; x_wconf 80' lang='lat'>251)</span> <span class='ocrx_word' id='word_1_119' title='bbox 371 2099 403 2156; x_wconf 84' lang='lat' dir='ltr'>st</span> <span class='ocrx_word' id='word_1_120' title='bbox 424 2114 513 2174; x_wconf 86' lang='lat' dir='ltr'>„esse</span> <span class='ocrx_word' id='word_1_121' title='bbox 535 2101 565 2156; x_wconf 92' lang='lat' dir='ltr'>et</span> <span class='ocrx_word' id='word_1_122' title='bbox 587 2093 714 2158; x_wconf 87' lang='lat' dir='ltr'>bibere“</span> <span class='ocrx_word' id='word_1_123' title='bbox 736 2094 779 2177; x_wconf 87' lang='lat' dir='ltr'>(v.</span> <span class='ocrx_word' id='word_1_124' title='bbox 792 2091 868 2174; x_wconf 88' lang='grc'>259)</span> <span class='ocrx_word' id='word_1_125' title='bbox 889 2093 978 2158; x_wconf 91' lang='lat' dir='ltr'>nulla</span> <span class='ocrx_word' id='word_1_126' title='bbox 999 2093 1131 2171; x_wconf 79' lang='lat' dir='ltr'><strong>obstent,</strong></span> <span class='ocrx_word' id='word_1_127' title='bbox 1154 2089 1253 2155; x_wconf 92' lang='lat' dir='ltr'>multo</span> 
     </span>
     <span class='ocr_line' id='line_1_20' title="bbox 79 2192 1251 2280; baseline -0.006 -20"><span class='ocrx_word' id='word_1_128' title='bbox 79 2195 236 2260; x_wconf 80' lang='lat' dir='ltr'>maiorem</span> <span class='ocrx_word' id='word_1_129' title='bbox 267 2192 387 2278; x_wconf 89' lang='lat' dir='ltr'>copiam</span> <span class='ocrx_word' id='word_1_130' title='bbox 417 2192 532 2258; x_wconf 91' lang='lat' dir='ltr'>doloris</span> <span class='ocrx_word' id='word_1_131' title='bbox 562 2215 655 2278; x_wconf 91' lang='lat' dir='ltr'>quam</span> <span class='ocrx_word' id='word_1_132' title='bbox 678 2193 853 2280; x_wconf 86' lang='lat' dir='ltr'>voluptatis</span> <span class='ocrx_word' id='word_1_133' title='bbox 879 2213 912 2258; x_wconf 91' lang='lat' dir='ltr'>se</span> <span class='ocrx_word' id='word_1_134' title='bbox 941 2213 1008 2257; x_wconf 90' lang='lat' dir='ltr'>esse</span> <span class='ocrx_word' id='word_1_135' title='bbox 1037 2199 1251 2258; x_wconf 85' lang='lat' dir='ltr'>assecuturum</span> 
     </span>
    </p>
   </div>
   <div class='ocr_carea' id='block_1_3' title="bbox 80 2293 1006 2378">
    <p class='ocr_par' dir='ltr' id='par_1_18' title="bbox 80 2293 1006 2378">
     <span class='ocr_line' id='line_1_21' title="bbox 80 2293 1006 2378; baseline -0.003 -18"><span class='ocrx_word' id='word_1_136' title='bbox 80 2293 246 2378; x_wconf 73' lang='lat' dir='ltr'>intellegit</span> <span class='ocrx_word' id='word_1_137' title='bbox 267 2293 420 2377; x_wconf 81' lang='lat' dir='ltr'>Lysiteles</span> <span class='ocrx_word' id='word_1_138' title='bbox 443 2301 473 2356; x_wconf 87' lang='lat' dir='ltr'>et</span> <span class='ocrx_word' id='word_1_139' title='bbox 493 2315 631 2358; x_wconf 87' lang='lat' dir='ltr'>amorem</span> <span class='ocrx_word' id='word_1_140' title='bbox 653 2294 862 2378; x_wconf 83' lang='lat' dir='ltr'>spernendum</span> <span class='ocrx_word' id='word_1_141' title='bbox 886 2302 1006 2358; x_wconf 84' lang='lat' dir='ltr'>censet:</span> 
     </span>
    </p>
   </div>
   <div class='ocr_carea' id='block_1_4' title="bbox 260 2392 1020 2548">
    <p class='ocr_par' dir='ltr' id='par_1_19' title="bbox 260 2392 1020 2548">
     <span class='ocr_line' id='line_1_22' title="bbox 263 2392 1020 2462; baseline 0 -16"><span class='ocrx_word' id='word_1_142' title='bbox 263 2393 356 2462; x_wconf 81' lang='lat' dir='ltr'>Apage</span> <span class='ocrx_word' id='word_1_143' title='bbox 373 2402 408 2458; x_wconf 91' lang='lat' dir='ltr'>te,</span> <span class='ocrx_word' id='word_1_144' title='bbox 427 2410 508 2460; x_wconf 86' lang='lat' dir='ltr'>amor,</span> <span class='ocrx_word' id='word_1_145' title='bbox 525 2409 579 2446; x_wconf 93' lang='lat' dir='ltr'>non</span> <span class='ocrx_word' id='word_1_146' title='bbox 597 2394 696 2462; x_wconf 85' lang='lat' dir='ltr'>places,</span> <span class='ocrx_word' id='word_1_147' title='bbox 715 2393 753 2446; x_wconf 92' lang='lat' dir='ltr'>nil</span> <span class='ocrx_word' id='word_1_148' title='bbox 771 2398 797 2446; x_wconf 94' lang='lat' dir='ltr'>te</span> <span class='ocrx_word' id='word_1_149' title='bbox 815 2399 883 2446; x_wconf 90' lang='lat' dir='ltr'>utor.</span> <span class='ocrx_word' id='word_1_150' title='bbox 903 2393 938 2460; x_wconf 87' lang='lat' dir='ltr'>(v.</span> <span class='ocrx_word' id='word_1_151' title='bbox 957 2392 1020 2460; x_wconf 84' lang='grc'>257)</span> 
     </span>
     <span class='ocr_line' id='line_1_23' title="bbox 260 2479 720 2548; baseline -0.002 -16"><span class='ocrx_word' id='word_1_152' title='bbox 260 2479 331 2532; x_wconf 83' lang='lat' dir='ltr'>Mille</span> <span class='ocrx_word' id='word_1_153' title='bbox 351 2479 434 2533; x_wconf 91' lang='lat' dir='ltr'>modis</span> <span class='ocrx_word' id='word_1_154' title='bbox 454 2496 527 2533; x_wconf 85' lang='lat' dir='ltr'>amor</span> <span class='ocrx_word' id='word_1_155' title='bbox 544 2479 720 2548; x_wconf 82' lang='lat' dir='ltr'>ignorandust</span> 
     </span>
    </p>
   </div>
   <div class='ocr_carea' id='block_1_5' title="bbox 260 2566 1059 2808">
    <p class='ocr_par' dir='ltr' id='par_1_20' title="bbox 260 2566 1059 2808">
     <span class='ocr_line' id='line_1_24' title="bbox 260 2566 1048 2635; baseline 0.001 -17"><span class='ocrx_word' id='word_1_156' title='bbox 260 2566 352 2620; x_wconf 86' lang='lat' dir='ltr'>Procul</span> <span class='ocrx_word' id='word_1_157' title='bbox 373 2566 552 2620; x_wconf 77' lang='lat' dir='ltr'>adhibendast</span> <span class='ocrx_word' id='word_1_158' title='bbox 571 2571 651 2635; x_wconf 82' lang='lat' dir='ltr'>etque</span> <span class='ocrx_word' id='word_1_159' title='bbox 670 2567 824 2620; x_wconf 91' lang='lat' dir='ltr'>abstandus.</span> <span class='ocrx_word' id='word_1_160' title='bbox 844 2569 880 2634; x_wconf 84' lang='lat' dir='ltr'>(v.</span> <span class='ocrx_word' id='word_1_161' title='bbox 899 2567 1048 2634; x_wconf 83' lang='grc'>263-264)</span> 
     </span>
     <span class='ocr_line' id='line_1_25' title="bbox 263 2653 849 2722; baseline 0.002 -17"><span class='ocrx_word' id='word_1_162' title='bbox 263 2655 354 2722; x_wconf 80' lang='lat' dir='ltr'>Apage</span> <span class='ocrx_word' id='word_1_163' title='bbox 373 2658 408 2720; x_wconf 86' lang='lat' dir='ltr'>te,</span> <span class='ocrx_word' id='word_1_164' title='bbox 427 2653 517 2717; x_wconf 84' lang='lat' dir='ltr'>Amor,</span> <span class='ocrx_word' id='word_1_165' title='bbox 535 2658 596 2704; x_wconf 83' lang='lat' dir='ltr'>tuas</span> <span class='ocrx_word' id='word_1_166' title='bbox 615 2668 657 2705; x_wconf 83' lang='lat' dir='ltr'>res</span> <span class='ocrx_word' id='word_1_167' title='bbox 676 2653 725 2705; x_wconf 89' lang='lat' dir='ltr'>tibi</span> <span class='ocrx_word' id='word_1_168' title='bbox 744 2654 849 2707; x_wconf 88' lang='lat' dir='ltr'>habeto.</span> 
     </span>
     <span class='ocr_line' id='line_1_26' title="bbox 260 2738 1059 2808; baseline 0.004 -16"><span class='ocrx_word' id='word_1_169' title='bbox 260 2741 348 2804; x_wconf 86' lang='lat' dir='ltr'>Amor,</span> <span class='ocrx_word' id='word_1_170' title='bbox 367 2739 431 2791; x_wconf 89' lang='lat' dir='ltr'>mibi</span> <span class='ocrx_word' id='word_1_171' title='bbox 450 2739 550 2792; x_wconf 87' lang='lat' dir='ltr'>amicus</span> <span class='ocrx_word' id='word_1_172' title='bbox 571 2755 604 2791; x_wconf 91' lang='lat' dir='ltr'>ne</span> <span class='ocrx_word' id='word_1_173' title='bbox 622 2738 682 2792; x_wconf 84' lang='lat' dir='ltr'>lues</span> <span class='ocrx_word' id='word_1_174' title='bbox 700 2755 824 2808; x_wconf 87' lang='lat' dir='ltr'>umquem</span> <span class='ocrx_word' id='word_1_175' title='bbox 845 2739 881 2807; x_wconf 87' lang='lat' dir='ltr'>(r.</span> <span class='ocrx_word' id='word_1_176' title='bbox 900 2739 1059 2807; x_wconf 89' lang='grc'>267-268).</span> 
     </span>
    </p>
   </div>
   <div class='ocr_carea' id='block_1_6' title="bbox 80 2823 1253 3283">
    <p class='ocr_par' dir='ltr' id='par_1_21' title="bbox 80 2823 1253 3111">
     <span class='ocr_line' id='line_1_27' title="bbox 80 2823 1253 2911; baseline 0.003 -19"><span class='ocrx_word' id='word_1_177' title='bbox 80 2829 172 2892; x_wconf 81' lang='lat' dir='ltr'>Bene</span> <span class='ocrx_word' id='word_1_178' title='bbox 197 2828 331 2910; x_wconf 86' lang='lat' dir='ltr'>prolecto</span> <span class='ocrx_word' id='word_1_179' title='bbox 345 2825 499 2910; x_wconf 81' lang='lat' dir='ltr'>Lysiteles</span> <span class='ocrx_word' id='word_1_180' title='bbox 520 2823 713 2910; x_wconf 84' lang='lat' dir='ltr'>voluptatem</span> <span class='ocrx_word' id='word_1_181' title='bbox 736 2825 823 2905; x_wconf 87' lang='lat' dir='ltr'>vitat,</span> <span class='ocrx_word' id='word_1_182' title='bbox 847 2849 926 2911; x_wconf 84' lang='lat' dir='ltr'>quae</span> <span class='ocrx_word' id='word_1_183' title='bbox 943 2828 1092 2894; x_wconf 86' lang='lat' dir='ltr'>maiorem</span> <span class='ocrx_word' id='word_1_184' title='bbox 1116 2829 1253 2895; x_wconf 90' lang='lat' dir='ltr'>dolorem</span> 
     </span>
     <span class='ocr_line' id='line_1_28' title="bbox 81 2924 1252 3013; baseline 0.003 -22"><span class='ocrx_word' id='word_1_185' title='bbox 81 2929 297 3002; x_wconf 74' lang='lat' dir='ltr'>effecturcest,</span> <span class='ocrx_word' id='word_1_186' title='bbox 317 2926 369 2989; x_wconf 90' lang='lat' dir='ltr'>sed</span> <span class='ocrx_word' id='word_1_187' title='bbox 388 2925 473 2989; x_wconf 88' lang='lat' dir='ltr'>idom</span> <span class='ocrx_word' id='word_1_188' title='bbox 490 2924 586 2989; x_wconf 87' lang='lat' dir='ltr'>etiam</span> <span class='ocrx_word' id='word_1_189' title='bbox 598 2925 733 2990; x_wconf 89' lang='lat' dir='ltr'>dolorem</span> <span class='ocrx_word' id='word_1_190' title='bbox 747 2927 880 3013; x_wconf 75' lang='lat' dir='ltr'>suscipit</span> <span class='ocrx_word' id='word_1_191' title='bbox 899 2928 1048 2994; x_wconf 89' lang='lat' dir='ltr'>maiorem</span> <span class='ocrx_word' id='word_1_192' title='bbox 1066 2930 1252 2994; x_wconf 84' lang='lat' dir='ltr'>officientem</span> 
     </span>
     <span class='ocr_line' id='line_1_29' title="bbox 81 3019 922 3111; baseline 0.001 -20"><span class='ocrx_word' id='word_1_193' title='bbox 81 3027 289 3111; x_wconf 80' lang='lat' dir='ltr'>voluptatem.</span> <span class='ocrx_word' id='word_1_194' title='bbox 333 3025 415 3103; x_wconf 88' lang='lat' dir='ltr'>Quid</span> <span class='ocrx_word' id='word_1_195' title='bbox 436 3025 530 3103; x_wconf 82' lang='lat' dir='ltr'>enim,</span> <span class='ocrx_word' id='word_1_196' title='bbox 560 3025 587 3090; x_wconf 91' lang='lat' dir='ltr'>si</span> <span class='ocrx_word' id='word_1_197' title='bbox 606 3026 672 3106; x_wconf 90' lang='lat' dir='ltr'>„rei</span> <span class='ocrx_word' id='word_1_198' title='bbox 695 3019 922 3111; x_wconf 78' lang='lat' dir='ltr'>obsequitur?“</span> 
     </span>
    </p>

    <p class='ocr_par' dir='ltr' id='par_1_22' title="bbox 262 3123 1078 3197">
     <span class='ocr_line' id='line_1_30' title="bbox 262 3123 1078 3197; baseline 0.007 -21"><span class='ocrx_word' id='word_1_199' title='bbox 262 3123 425 3192; x_wconf 82' lang='lat' dir='ltr'>Quamquam</span> <span class='ocrx_word' id='word_1_200' title='bbox 445 3125 482 3178; x_wconf 90' lang='lat' dir='ltr'>ibi</span> <span class='ocrx_word' id='word_1_201' title='bbox 501 3125 588 3178; x_wconf 86' lang='lat' dir='ltr'>animo</span> <span class='ocrx_word' id='word_1_202' title='bbox 607 3125 683 3178; x_wconf 88' lang='lat' dir='ltr'>labos</span> <span class='ocrx_word' id='word_1_203' title='bbox 702 3127 810 3194; x_wconf 78' lang='lat' dir='ltr'>grandis</span> <span class='ocrx_word' id='word_1_204' title='bbox 830 3128 934 3195; x_wconf 76' lang='lat' dir='ltr'>capitur</span> <span class='ocrx_word' id='word_1_205' title='bbox 953 3127 988 3194; x_wconf 85' lang='lat' dir='ltr'>(r.</span> <span class='ocrx_word' id='word_1_206' title='bbox 1007 3128 1078 3197; x_wconf 81' lang='grc'>271),</span> 
     </span>
    </p>

    <p class='ocr_par' dir='ltr' id='par_1_23' title="bbox 263 3210 1029 3283">
     <span class='ocr_line' id='line_1_31' title="bbox 263 3210 1029 3283; baseline 0.005 -19"><span class='ocrx_word' id='word_1_207' title='bbox 263 3210 368 3264; x_wconf 80' lang='lat' dir='ltr'>Gertast</span> <span class='ocrx_word' id='word_1_208' title='bbox 387 3227 428 3264; x_wconf 92' lang='lat' dir='ltr'>res</span> <span class='ocrx_word' id='word_1_209' title='bbox 448 3211 481 3264; x_wconf 86' lang='lat' dir='ltr'>ad</span> <span class='ocrx_word' id='word_1_210' title='bbox 500 3211 602 3278; x_wconf 83' lang='lat' dir='ltr'>frugem</span> <span class='ocrx_word' id='word_1_211' title='bbox 622 3211 756 3281; x_wconf 79' lang='lat' dir='ltr'>adplicare</span> <span class='ocrx_word' id='word_1_212' title='bbox 775 3213 890 3266; x_wconf 84' lang='lat' dir='ltr'>animum</span> <span class='ocrx_word' id='word_1_213' title='bbox 911 3214 946 3281; x_wconf 86' lang='lat' dir='ltr'>(r.</span> <span class='ocrx_word' id='word_1_214' title='bbox 965 3214 1029 3283; x_wconf 87' lang='grc'>270)</span> 
     </span>
    </p>
   </div>
   <div class='ocr_carea' id='block_1_7' title="bbox 83 3298 1076 3727">
    <p class='ocr_par' dir='ltr' id='par_1_24' title="bbox 83 3298 1076 3727">
     <span class='ocr_line' id='line_1_32' title="bbox 83 3298 380 3364; baseline -0.007 0"><span class='ocrx_word' id='word_1_215' title='bbox 83 3300 174 3364; x_wconf 88' lang='lat' dir='ltr'>hisce</span> <span class='ocrx_word' id='word_1_216' title='bbox 196 3299 234 3363; x_wconf 91' lang='lat' dir='ltr'>de</span> <span class='ocrx_word' id='word_1_217' title='bbox 258 3298 380 3363; x_wconf 85' lang='lat' dir='ltr'>causis:</span> 
     </span>
     <span class='ocr_line' id='line_1_33' title="bbox 261 3397 980 3467; baseline 0.004 -17"><span class='ocrx_word' id='word_1_218' title='bbox 261 3397 328 3450; x_wconf 89' lang='lat' dir='ltr'>Boni</span> <span class='ocrx_word' id='word_1_219' title='bbox 347 3398 397 3450; x_wconf 87' lang='lat' dir='ltr'>sibi</span> <span class='ocrx_word' id='word_1_220' title='bbox 418 3398 483 3451; x_wconf 85' lang='lat' dir='ltr'>haec</span> <span class='ocrx_word' id='word_1_221' title='bbox 502 3403 639 3466; x_wconf 83' lang='lat' dir='ltr'>expetunt,</span> <span class='ocrx_word' id='word_1_222' title='bbox 658 3415 721 3466; x_wconf 89' lang='lat' dir='ltr'>rem,</span> <span class='ocrx_word' id='word_1_223' title='bbox 739 3399 827 3465; x_wconf 88' lang='lat' dir='ltr'>fidem,</span> <span class='ocrx_word' id='word_1_224' title='bbox 846 3401 980 3467; x_wconf 88' lang='lat' dir='ltr'>bonorem,</span> 
     </span>
     <span class='ocr_line' id='line_1_34' title="bbox 263 3484 923 3555; baseline 0.003 -18"><span class='ocrx_word' id='word_1_225' title='bbox 263 3484 379 3537; x_wconf 85' lang='lat' dir='ltr'>Gloriam</span> <span class='ocrx_word' id='word_1_226' title='bbox 399 3487 426 3536; x_wconf 96' lang='lat' dir='ltr'>et</span> <span class='ocrx_word' id='word_1_227' title='bbox 443 3485 570 3551; x_wconf 81' lang='lat' dir='ltr'>gratiam:</span> <span class='ocrx_word' id='word_1_228' title='bbox 596 3484 647 3538; x_wconf 87' lang='lat' dir='ltr'>hoc</span> <span class='ocrx_word' id='word_1_229' title='bbox 664 3487 756 3555; x_wconf 85' lang='lat' dir='ltr'>probis</span> <span class='ocrx_word' id='word_1_230' title='bbox 774 3487 923 3555; x_wconf 90' lang='lat' dir='ltr'>pretiumst.</span> 
     </span>
     <span class='ocr_line' id='line_1_35' title="bbox 262 3571 875 3641; baseline 0.003 -17"><span class='ocrx_word' id='word_1_231' title='bbox 262 3571 299 3624; x_wconf 84' lang='lat' dir='ltr'>llo</span> <span class='ocrx_word' id='word_1_232' title='bbox 320 3571 383 3622; x_wconf 90' lang='lat' dir='ltr'>milri</span> <span class='ocrx_word' id='word_1_233' title='bbox 402 3572 486 3638; x_wconf 81' lang='lat' dir='ltr'>magis</span> <span class='ocrx_word' id='word_1_234' title='bbox 505 3571 580 3624; x_wconf 90' lang='lat' dir='ltr'>lubet</span> <span class='ocrx_word' id='word_1_235' title='bbox 598 3588 656 3624; x_wconf 91' lang='lat' dir='ltr'>cum</span> <span class='ocrx_word' id='word_1_236' title='bbox 676 3573 766 3641; x_wconf 91' lang='lat' dir='ltr'>probis</span> <span class='ocrx_word' id='word_1_237' title='bbox 786 3573 875 3641; x_wconf 90' lang='lat' dir='ltr'>potius</span> 
     </span>
     <span class='ocr_line' id='line_1_36' title="bbox 262 3657 1076 3727; baseline 0.006 -18"><span class='ocrx_word' id='word_1_238' title='bbox 262 3657 345 3720; x_wconf 84' lang='lat' dir='ltr'>Quam</span> <span class='ocrx_word' id='word_1_239' title='bbox 365 3672 423 3709; x_wconf 91' lang='lat' dir='ltr'>cum</span> <span class='ocrx_word' id='word_1_240' title='bbox 443 3657 570 3725; x_wconf 88' lang='lat' dir='ltr'>improbis</span> <span class='ocrx_word' id='word_1_241' title='bbox 589 3658 676 3710; x_wconf 88' lang='lat' dir='ltr'>rivere</span> <span class='ocrx_word' id='word_1_242' title='bbox 695 3659 833 3713; x_wconf 83' lang='lat' dir='ltr'>vanidicis.</span> <span class='ocrx_word' id='word_1_243' title='bbox 863 3660 899 3727; x_wconf 88' lang='lat' dir='ltr'>(r.</span> <span class='ocrx_word' id='word_1_244' title='bbox 918 3660 1076 3727; x_wconf 85' lang='grc'>273-275).</span> 
     </span>
    </p>
   </div>
   <div class='ocr_carea' id='block_1_8' title="bbox 84 3743 1256 4334">
    <p class='ocr_par' dir='ltr' id='par_1_25' title="bbox 84 3743 1256 4334">
     <span class='ocr_line' id='line_1_37' title="bbox 84 3743 1256 3833; baseline 0.001 -20"><span class='ocrx_word' id='word_1_245' title='bbox 84 3746 219 3813; x_wconf 82' lang='lat' dir='ltr'>Accedit</span> <span class='ocrx_word' id='word_1_246' title='bbox 239 3752 360 3821; x_wconf 83' lang='lat' dir='ltr'>autem,</span> <span class='ocrx_word' id='word_1_247' title='bbox 391 3743 527 3825; x_wconf 92' lang='lat' dir='ltr'>quodid</span> <span class='ocrx_word' id='word_1_248' title='bbox 550 3745 653 3829; x_wconf 92' lang='lat' dir='ltr'>ipsum</span> <span class='ocrx_word' id='word_1_249' title='bbox 678 3746 744 3827; x_wconf 76' lang='lat' dir='ltr'>„rei</span> <span class='ocrx_word' id='word_1_250' title='bbox 767 3747 917 3832; x_wconf 89' lang='lat' dir='ltr'>obsequi“</span> <span class='ocrx_word' id='word_1_251' title='bbox 948 3748 1099 3833; x_wconf 85' lang='lat' dir='ltr'>sepientis</span> <span class='ocrx_word' id='word_1_252' title='bbox 1120 3770 1187 3814; x_wconf 88' lang='lat' dir='ltr'>esse</span> <span class='ocrx_word' id='word_1_253' title='bbox 1208 3750 1256 3815; x_wconf 91' lang='lat' dir='ltr'>iu-</span> 
     </span>
     <span class='ocr_line' id='line_1_38' title="bbox 86 3841 411 3929; baseline -0.018 -17"><span class='ocrx_word' id='word_1_254' title='bbox 86 3847 235 3912; x_wconf 85' lang='lat' dir='ltr'>dicabant</span> <span class='ocrx_word' id='word_1_255' title='bbox 255 3841 411 3929; x_wconf 86' lang='lat' dir='ltr'>Epicurei.</span> 
     </span>
     <span class='ocr_line' id='line_1_39' title="bbox 112 3943 1256 4034; baseline 0 -22"><span class='ocrx_word' id='word_1_256' title='bbox 112 3957 116 3966; x_wconf 89' lang='lat'>&#39;</span> <span class='ocrx_word' id='word_1_257' title='bbox 170 3949 215 4012; x_wconf 82' lang='lat' dir='ltr'>Ol.</span> <span class='ocrx_word' id='word_1_258' title='bbox 238 3951 328 4030; x_wconf 79' lang='lat' dir='ltr'>srgm.</span> <span class='ocrx_word' id='word_1_259' title='bbox 348 3951 409 4014; x_wconf 86' lang='grc'>572</span> <span class='ocrx_word' id='word_1_260' title='bbox 433 3944 533 4027; x_wconf 83' lang='lat' dir='ltr'>(Diog.</span> <span class='ocrx_word' id='word_1_261' title='bbox 556 3944 590 4010; x_wconf 89' lang='lat' dir='ltr'>L.</span> <span class='ocrx_word' id='word_1_262' title='bbox 612 3945 641 4008; x_wconf 87' lang='lat' dir='ltr'>X</span> <span class='ocrx_word' id='word_1_263' title='bbox 667 3947 744 4009; x_wconf 79' lang='lat'>120:</span> <span class='ocrx_word' id='word_1_264' title='bbox 764 3944 818 4008; x_wconf 81' lang='grc' dir='ltr'>καὶ</span> <span class='ocrx_word' id='word_1_265' title='bbox 840 3943 984 4029; x_wconf 75' lang='grc' dir='ltr'><strong><em>κτήσεως</em></strong></span> <span class='ocrx_word' id='word_1_266' title='bbox 1005 3944 1256 4034; x_wconf 67' lang='grc' dir='ltr'><strong><em>προνοήσεσθαι</em></strong></span> 
     </span>
     <span class='ocr_line' id='line_1_40' title="bbox 85 4043 971 4130; baseline 0.001 -21"><span class='ocrx_word' id='word_1_267' title='bbox 85 4048 142 4110; x_wconf 81' lang='grc' dir='ltr'>καὶ</span> <span class='ocrx_word' id='word_1_268' title='bbox 162 4050 223 4110; x_wconf 74' lang='lat' dir='ltr'>coi·</span> <span class='ocrx_word' id='word_1_269' title='bbox 241 4047 414 4128; x_wconf 61' lang='grc' dir='ltr'><strong><em>μέλλοντος</em></strong></span> <span class='ocrx_word' id='word_1_270' title='bbox 435 4045 510 4130; x_wconf 76' lang='lat' dir='ltr'>(cdo</span> <span class='ocrx_word' id='word_1_271' title='bbox 532 4043 639 4130; x_wconf 73' lang='grc' dir='ltr'><strong><em>σοφόν</em></strong></span> <span class='ocrx_word' id='word_1_272' title='bbox 659 4043 835 4126; x_wconf 82' lang='grc' dir='ltr'><strong><em>Ἐπικούρῳ</em></strong></span> <span class='ocrx_word' id='word_1_273' title='bbox 857 4043 971 4126; x_wconf 78' lang='grc' dir='ltr'>δοκεῖ).</span> 
     </span>
     <span class='ocr_line' id='line_1_41' title="bbox 170 4145 1256 4234; baseline -0.003 -20"><span class='ocrx_word' id='word_1_274' title='bbox 170 4149 207 4214; x_wconf 89' lang='lat' dir='ltr'>ln</span> <span class='ocrx_word' id='word_1_275' title='bbox 231 4149 339 4214; x_wconf 87' lang='lat' dir='ltr'>ecdem</span> <span class='ocrx_word' id='word_1_276' title='bbox 361 4148 466 4214; x_wconf 81' lang='lat' dir='ltr'>fabule</span> <span class='ocrx_word' id='word_1_277' title='bbox 486 4147 578 4234; x_wconf 84' lang='lat' dir='ltr'>paulo</span> <span class='ocrx_word' id='word_1_278' title='bbox 610 4153 680 4231; x_wconf 90' lang='lat' dir='ltr'>post</span> <span class='ocrx_word' id='word_1_279' title='bbox 700 4145 855 4230; x_wconf 83' lang='lat' dir='ltr'>Lysiteles</span> <span class='ocrx_word' id='word_1_280' title='bbox 877 4169 896 4211; x_wconf 86' lang='lat' dir='ltr'>e</span> <span class='ocrx_word' id='word_1_281' title='bbox 917 4147 1061 4211; x_wconf 91' lang='lat' dir='ltr'>Philtone</span> <span class='ocrx_word' id='word_1_282' title='bbox 1083 4155 1186 4232; x_wconf 85' lang='lat' dir='ltr'>petre,</span> <span class='ocrx_word' id='word_1_283' title='bbox 1220 4158 1256 4213; x_wconf 89' lang='lat' dir='ltr'>ut</span> 
     </span>
     <span class='ocr_line' id='line_1_42' title="bbox 87 4245 1254 4334; baseline -0.003 -20"><span class='ocrx_word' id='word_1_284' title='bbox 87 4249 251 4314; x_wconf 87' lang='lat' dir='ltr'>Lesbonici</span> <span class='ocrx_word' id='word_1_285' title='bbox 273 4248 369 4313; x_wconf 91' lang='lat' dir='ltr'>amici</span> <span class='ocrx_word' id='word_1_286' title='bbox 391 4267 524 4313; x_wconf 90' lang='lat' dir='ltr'>sororem</span> <span class='ocrx_word' id='word_1_287' title='bbox 548 4267 677 4311; x_wconf 80' lang='lat' dir='ltr'>uxorem</span> <span class='ocrx_word' id='word_1_288' title='bbox 695 4245 762 4310; x_wconf 92' lang='lat' dir='ltr'>sine</span> <span class='ocrx_word' id='word_1_289' title='bbox 780 4246 849 4312; x_wconf 90' lang='lat' dir='ltr'>dote</span> <span class='ocrx_word' id='word_1_290' title='bbox 871 4246 983 4310; x_wconf 85' lang='lat' dir='ltr'>ducere</span> <span class='ocrx_word' id='word_1_291' title='bbox 1001 4245 1062 4310; x_wconf 90' lang='lat' dir='ltr'>sibi</span> <span class='ocrx_word' id='word_1_292' title='bbox 1084 4246 1254 4334; x_wconf 74' lang='lat' dir='ltr'>permittat</span> 
     </span>
    </p>
   </div>
   <div class='ocr_carea' id='block_1_9' title="bbox 0 0 1583 5068">
    <p class='ocr_par' dir='ltr' id='par_1_26' title="bbox 0 0 1583 5068">
     <span class='ocr_line' id='line_1_43' title="bbox 0 0 1583 5068; baseline 0 0"><span class='ocrx_word' id='word_1_293' title='bbox 0 0 1583 5068; x_wconf 95' lang='lat' dir='ltr'> </span> 
     </span>
    </p>
   </div>
  </div>
 </body>
</html>
