3140 5068
808 443 1015 508 -48..

320 620 375 684 καὶ
404 620 462 684 sni
489 623 546 706 τῆς
567 619 676 704 φιλίας
695 619 835 702 ἁρμόσει
861 621 937 708 μήτ’
965 615 1089 703 ἄφιλον
1117 610 1202 683 εἶναι
1222 619 1299 702 μήτ’
1320 608 1370 683 asi
1393 617 1501 682 πολύ-

318 721 413 804 φιλον
439 719 518 784 καθ’
553 719 758 805 όπερβολήνς
791 724 858 794 τοῖς
887 723 951 801 μὲν
980 720 1021 783 δι’
1052 718 1136 802 πρός
1166 723 1285 804 χρῆσιν
1314 719 1370 782 καὶ
1402 718 1500 782 πάνυ

319 820 447 897 δόξειεν
473 816 517 883 ἄν
546 819 700 904 ἁρμόζειν
730 820 769 884 τό
805 820 936 900 λεχθέν
974 820 1105 894 πολλοῖς
1140 822 1202 902 γάρ
1239 818 1503 902 οἷνθυπιγρετεῖν

319 921 498 999 ἐπίπονον,
525 920 580 984 καὶ
609 919 668 1000 οιῖχ
697 918 809 994 ἱκανός
836 919 854 984 ό
881 924 951 1003 βίος
980 919 1091 994 αὐτοῖς
1117 924 1214 984 τοῦτο
1246 919 1426 1001 πράττειν.
1474 916 1503 980 οῖ

321 1021 452 1095 πλείους
481 1021 525 1104 δή
556 1023 623 1083 τοῖν
654 1021 738 1101 πρός
764 1024 825 1085 τόν
856 1021 976 1084 οἰκεῖον
996 1025 1070 1103 βίον
1099 1018 1216 1096 ἱκανοῖς
1244 1025 1416 1102 περίεργοι
1447 1020 1502 1083 καῖ

320 1119 472 1203 ἐμπόδιοι
502 1120 586 1201 πρός
612 1121 652 1182 τό
672 1120 778 1194 καλοῖς
805 1122 870 1205 ζῆν·
901 1121 1000 1184 ου’δεν
1031 1109 1091 1185 οὖν
1119 1120 1187 1185 tter·
1215 1120 1335 1186 αιῗτοῖν.
1376 1121 1444 1183 καὶ
1474 1118 1503 1184 οῖ

321 1223 405 1303 πρός
436 1220 558 1306 ἡδονήν
587 1220 625 1284 δὲ
653 1221 809 1303 α’ρκοόσιν
839 1221 957 1302 ὀλίγοι,
995 1221 1155 1302 καθάπερ
1186 1223 1222 1285 ἐν
1248 1223 1288 1305 τῇ
1316 1225 1430 1306 τροφῇ
1462 1233 1502 1284 τσ

320 1316 463 1402 ἥδυσμα.
505 1321 579 1394 τοῖς
601 1320 640 1384 δὲ
655 1321 855 1395 σπουδαίους
873 1319 1015 1402 πότερον
1037 1321 1213 1398 πλείστους
1231 1321 1302 1385 κατ’
1322 1320 1496 1402 ἀριθμόν,

320 1416 434 1505 ἢέστι
461 1443 493 1483 τι
518 1429 637 1503 με’τρον
657 1421 712 1484 καὶ
740 1420 866 1503 φιλικοῦ
897 1420 1064 1505 πλήθους,
1093 1419 1206 1502 ὥσπερ
1228 1419 1373 1499 πόλεως,·
1418 1418 1503 1486 οότε

320 1520 381 1602 γιὶρ
401 1520 437 1583 ἐκ
457 1520 536 1584 δίκα
558 1519 751 1601 α’νθριόπων
765 1521 879 1602 γίνοιτ’
899 1519 943 1584 ἄν
960 1521 1063 1600 πόλις,
1085 1517 1157 1588 oa’r'r'
1174 1523 1209 1585 εἰι
1224 1522 1303 1586 δίκα
1320 1519 1503 1603 μυριάδων

323 1621 371 1682 ἔτι
393 1619 487 1694 πόλις
508 1621 609 1685 ε’στιν.
653 1621 691 1684 τό
714 1620 752 1684 δὲ
774 1621 883 1685 ποσόν
903 1621 962 1684 ουίι
985 1623 1079 1685 ἔστιν
1099 1621 1177 1696 ἴσως
1198 1623 1234 1686 ἔν
1249 1645 1288 1701 τι,
1309 1623 1396 1687 οῖλλοὶ
1429 1628 1503 1685 πᾶν

320 1721 360 1784 τό
369 1721 495 1800 μεταξό
505 1723 604 1784 τινοῖν
615 1719 811 1804 οῖρισμίνιον.
841 1721 894 1784 καὶ
908 1721 1011 1802 φίλοιν
1023 1719 1065 1807 δή
1079 1723 1149 1787 ἐστι
1161 1723 1289 1805 πλῆθος
1301 1722 1503 1804 ὡρισμένον,

323 1821 375 1884 καῖ
399 1819 477 1895 ἴσως
499 1820 701 1900 οἱπλεῖστοι,
723 1820 802 1902 μεθ’
824 1809 870 1884 ὦν
888 1817 930 1885 ἂν
947 1818 1082 1885 δύναιτό
1102 1845 1149 1896 τις
1166 1825 1273 1906 συζῆν·
1316 1826 1418 1886 τοῦτο
1437 1825 1502 1905 γιῖρ

324 1919 431 1984 ε’(ῖόκει
461 1917 677 2005 φιλικώτατον
707 1913 801 1984 εἶναι·
845 1918 895 1985 ὅτι
921 1922 951 1983 δ’
981 1920 1050 2002 οὐχ’
1073 1912 1147 1986 οἷόν
1173 1944 1209 1984 τε
1238 1921 1370 1996 πολλοῖς
1391 1927 1502 2007 συζῆν

322 2020 377 2084 καὶ
398 2019 565 2104 διανέμειν
586 2021 699 2101 αὐτόν,
722 2021 780 2086 onix
801 2018 932 2105 ἄδηλον.
977 2024 1024 2084 ἔτι
1041 2022 1079 2086 δὲ
1095 2022 1262 2096 κάκείνους
1276 2022 1331 2084 δεῖ
1341 2021 1501 2107 α’λλήλοις

324 2119 438 2204 φίλους
457 2111 557 2201 εἶναι,
598 2121 629 2185 εἰ
647 2122 801 2204 με’λλουσι
822 2123 945 2196 πάντες
965 2123 1035 2203 μετ’
1066 2119 1216 2208 ἀλλήλων
1248 2121 1499 2205 συιτγμερεόειυ.

323 2223 420 2284 τοῦτο
442 2221 472 2282 δ’
490 2222 625 2303 ἐργῶδες
653 2223 689 2285 ἐν
710 2222 842 2297 πολλοῖς
863 2222 1033 2304 όποὶρχειν.
1062 2223 1210 2302 χαλεπόν
1231 2222 1269 2285 aa
1289 2225 1416 2303 γίνεται
1441 2225 1499 2286 καὶ

323 2320 362 2384 τό
392 2326 576 2404 συγχαίρειν
609 2323 664 2385 καὶ
695 2323 733 2386 τό
765 2323 937 2403 συναλγεῖν
966 2320 1088 2396 οἰκείως
1120 2322 1268 2396 πολλοῖς·
1312 2319 1396 2395 εἰκός
1435 2325 1499 2404 γιίρ

324 2425 530 2501 συμπίπτειν
547 2418 618 2502 ἅμα
637 2425 684 2504 τῷ
704 2426 767 2504 μὲν
786 2422 995 2507 συνήδεσθαι
1009 2426 1054 2503 τῷ
1072 2423 1110 2486 δὲ
1126 2420 1372 2502 συνάχθεσθαι.
1416 2423 1500 2497 ἴσως

323 2508 385 2584 orio
407 2509 447 2583 εό
466 2523 532 2602 ἔχει
552 2521 598 2606 μή
621 2525 726 2606 ζητεῖν
747 2521 789 2596 οῖς
804 2521 1074 2606 πολυφιλιότατον
1092 2515 1187 2602 εἶναι,
1209 2522 1294 2587 οἷλλοὶ
1314 2520 1499 2597 τοσούτους

324 2616 397 2684 ὅσοι
417 2619 462 2694 είς
482 2621 521 2685 τό
543 2624 642 2707 συζῆν·
664 2620 780 2687 ἱκανοί.

405 2722 521 2787 Paucos
550 2734 653 2787 autem
683 2724 798 2787 amicos
821 2723 976 2808 eligebant
1006 2725 1037 2787 hi
1071 2724 1245 2809 philosophi
1276 2723 1372 2788 etiam
1394 2745 1434 2786 ea
1457 2726 1497 2788 de

324 2842 432 2902 causa,
468 2823 541 2907 quia
575 2845 679 2886 veram
714 2831 744 2887 et
777 2826 942 2908 perfectam
976 2824 1150 2888 amicitiam
1185 2824 1363 2907 amicosque
1391 2835 1496 2888 certos
1566 2905 1567 2908 Ἴ

326 2922 484 2986 rarissime
507 2922 643 2988 inveniri
667 2945 727 2988 non
751 2924 943 3007 ignorabant.
1566 2927 1567 2982 ἶ

406 3024 451 3089 cf.
473 3022 544 3088 Eth.
566 3023 634 3088 Nic.
657 3025 735 3089 VIII
755 3026 784 3104 3,
809 3028 844 3090 7:
869 3028 966 3088 πᾶσα
987 3024 1048 3107 γάρ
1071 3022 1163 3106 φιλία
1183 3020 1225 3085 δι’
1246 3018 1380 3102 ἀγαθόν
1399 3021 1497 3085 ἐστιν
1566 3029 1567 3070 ῑ

323 3119 405 3207 ἧδί
425 3120 555 3208 ἡδονήν,
577 3121 599 3208 ἢ
619 3123 733 3198 ἁπλοῖς
754 3121 775 3206 ἢ
793 3128 840 3207 τῷ
862 3125 1019 3208 φιλοῦντι,
1040 3125 1094 3186 καῖ
1117 3122 1197 3185 καθ’
1211 3119 1389 3204 ὁμοιότητά
1404 3144 1495 3184 τινα.

322 3220 427 3307 ταύτῃ
449 3222 488 3286 δὲ
511 3223 619 3287 πάνθ’
641 3221 781 3306 ὑπάρχει
802 3226 844 3287 τό
867 3222 1020 3309 εἰρημένα
1036 3223 1115 3287 καθ’
1130 3219 1258 3296 αὐτούς.
1302 3218 1407 3304 ταύτῃ
1431 3223 1496 3302 γιῖρ
1566 3263 1567 3266 =

324 3317 430 3402 ὅμοιοι
457 3323 512 3386 καὶ
543 3324 584 3386 τό
614 3323 731 3404 λοιποὶ,
771 3323 809 3388 τό
839 3349 875 3387 τε
902 3326 1016 3399 οῖπλιῖς
1046 3323 1177 3404 α’γαίίόν
1205 3322 1259 3385 καῖ
1285 3321 1350 3404 africi
1377 3320 1497 3394 ἁπλαῖς

324 3423 424 3487 ἐστίν.
468 3423 614 3505 μάλιστα
635 3425 798 3489 δὲταῦτα
822 3425 952 3509 φιλητό,
973 3425 1026 3488 καὶ
1045 3425 1083 3487 τό
1104 3423 1211 3506 φιλεῖν
1232 3420 1271 3484 δὲ
1288 3420 1342 3483 καῖ
1358 3419 1378 3503 ἡ
1396 3421 1495 3503 φιλία

324 3523 360 3585 ἐν
381 3521 505 3597 τούτοις
525 3525 673 3606 μάλιστα
690 3526 744 3588 καὶ
767 3525 896 3608 α’ρίστνγ.
940 3529 1085 3597 σπανίας
1107 3523 1136 3584 δ’
1158 3520 1241 3595 εἰκός
1258 3521 1317 3594 aaa
1337 3518 1496 3593 ιτοιιιότας

324 3613 417 3687 εἶναι.
462 3624 562 3705 όλίγοι
582 3625 643 3706 γιῖρ
666 3624 697 3689 οῖ
717 3629 864 3690 τοιοῦτοι.

407 3725 654 3811 Theophrastum
683 3748 805 3811 quoque
836 3727 914 3789 hanc
937 3724 1102 3808 protulisse
1122 3723 1308 3787 sententiam
1333 3721 1422 3784 testis
1448 3731 1496 3784 est

325 3829 534 3911 Hieronymus
563 3836 728 3892 comment.
759 3827 790 3890 in
816 3827 906 3890 Mich.
936 3826 1005 3906 2,7
1036 3824 1092 3888 col.
1122 3824 1198 3887 516:
1231 3821 1363 3906 Scripsit
1394 3818 1494 3884 Τίιοο-

321 3931 474 4014 φίινοιίιιε
494 3928 610 3992 triade
625 3928 767 3991 amicitia
782 3927 954 4002 νοίιιιιιίιιο,
976 3925 1062 3988 omni
1083 3943 1151 3987 eam
1164 3920 1352 4008 praeferens
1363 3921 1497 3984 caritati

324 4036 352 4093 et
373 4035 476 4094 tamen
497 4050 608 4093 raram
631 4030 666 4092 ιἰι
683 4026 775 4092 retas
796 4026 947 4091 λαιαοιιίε
967 4031 1155 4090 contestatus
1177 4028 1231 4087 eat.

407 4129 492 4195 Num
521 4130 628 4193 eadem
660 4127 801 4194 doctrina
829 4125 923 4190 etiam
947 4125 1028 4211 apud
1058 4123 1190 4189 comicos
1213 4119 1398 4186 invenitur?
1442 4119 1496 4182 In-

325 4231 452 4298 venitur
472 4251 555 4295 sane.
599 4230 679 4294 Nam
709 4227 741 4292 hi
779 4248 900 4312 quoque
922 4246 1035 4311 paucos
1056 4224 1171 4288 amicos
1194 4219 1404 4285 conciliandos
1425 4238 1496 4282 esse

326 4331 436 4395 dicunt
453 4331 547 4414 idque
570 4331 679 4394 eadem
697 4329 734 4392 de
758 4348 858 4405 causa,
882 4327 963 4411 quod
987 4325 1052 4389 veri
1072 4323 1165 4388 amici
1189 4320 1342 4385 rarissimi
1366 4318 1439 4383 sint.
