3140 5068
542 432 744 496 ..39-

66 610 129 664 Ph:
159 610 228 674 Quin
248 611 307 665 leno
327 611 369 665 hic
388 612 499 666 habitat.
534 609 590 664 Pa:
611 611 692 666 Nemo
712 611 774 665 hinc
793 611 917 680 prohibet
935 627 984 664 uec
1003 615 1084 675 vetat,

158 697 228 760 Quin
246 699 317 767 quod
337 700 452 769 palamst
471 699 573 764 uenale,
591 700 613 752 si
633 704 810 766 argentumn,
829 713 909 750 emas.

157 785 239 838 Nemo
258 786 296 838 ire
315 801 472 854 quemquam
494 785 601 854 publica
618 785 742 853 prohibet
758 784 808 836 via.

160 869 227 924 Dum
247 887 281 924 ne
298 888 345 941 per
363 871 473 924 fundum
494 876 615 939 saeptum
634 871 717 924 facias
736 871 866 935 semitam,

159 958 227 1011 Dum
247 957 290 1010 ted
310 959 444 1012 abstineas
462 963 556 1026 nupta,
577 956 666 1023 vidua,
684 958 795 1024 virgine,

159 1045 298 1097 luventuto
317 1048 343 1096 et
362 1045 451 1113 pueris
470 1043 569 1110 liberis,
588 1059 646 1096 ema
665 1042 812 1111 quidlubet.

54 1130 165 1195 Simili
189 1130 395 1196 modoetiam
419 1130 572 1216 Epicurus
604 1128 776 1214 sapientem
805 1129 937 1194 muliero
959 1129 1116 1196 abstinere
1137 1131 1223 1195 iube-

55 1232 117 1312 bat,
143 1252 276 1314 quacum
299 1231 412 1294 habere
436 1230 696 1295 cousuetudinem
717 1228 838 1312 legibus
861 1238 942 1294 esset
963 1229 1107 1295 vetitum.

140 1333 185 1395 Cf.
217 1333 307 1414 frgm.
330 1331 391 1396 583
420 1329 523 1412 (Diog.
547 1331 580 1394 L.
604 1329 632 1394 X
658 1327 748 1410 120):
784 1333 913 1410 γυναικί
936 1352 972 1391 τε
1004 1329 1111 1412 (δοκεῖ
1142 1329 1226 1393 Ἐπι-

51 1427 173 1511 κούρῳ)
196 1428 234 1493 ou'
251 1427 453 1514 μιγήσεσθαι
469 1429 528 1491 τὸν
550 1429 657 1512 σοφόν
678 1419 699 1515 ᾖ
719 1427 750 1491 oi
771 1427 866 1510 νόμοι
887 1426 1161 1509 ἀπαγορεύουσιν,
1182 1425 1226 1502 ὥς

53 1551 134 1614 φησι
152 1536 300 1612 Διογένης
321 1529 358 1593 ἐν
379 1531 420 1612 τῇ
433 1529 587 1611 Ἐπιτομῇ
607 1528 876 1609 suavisonosque
893 1529 1021 1613 ἠθικῶν
1042 1526 1224 1610 δογμάτων.

137 1631 219 1708 Quin
254 1631 348 1695 etiam
387 1631 521 1720 sapienti
561 1632 618 1696 hoc
658 1631 851 1717 praecepisse
892 1630 1109 1715 philosophum
1141 1629 1224 1715 apud

54 1733 202 1796 Plautum
226 1731 299 1795 iude
319 1752 483 1816 possumus
505 1752 695 1815 cognoscere,
721 1732 802 1815 quod
825 1730 872 1810 „si
895 1730 999 1815 sapis“
1019 1729 1154 1793 additur.

137 1832 231 1895 Porro
253 1851 288 1895 ea
310 1852 431 1915 quoque
452 1831 593 1896 doctrina
615 1831 744 1916 Epicuri
775 1839 822 1894 est
845 1830 1019 1916 sapientem
1042 1829 1148 1894 omnia
1171 1851 1226 1895 sua

55 1952 147 1995 causa
170 1933 268 1994 facere
291 1931 382 1994 etad
404 1951 493 1996 suam
515 1933 629 2002 referre
653 1931 824 1995 utilitatem
849 1951 949 2015 neque
967 1930 1136 2014 quicquam
1159 1931 1226 1995 cius

56 2031 217 2111 interesse,
240 2038 344 2094 utrum
370 2029 481 2094 ceteris
504 2029 684 2095 hominibus
706 2031 777 2095 usui
797 2031 839 2095 sit
860 2053 900 2095 au
922 2031 1044 2096 damno.

140 2131 185 2195 cf.
208 2131 300 2212 irgm.
321 2130 380 2195 581
415 2128 570 2213 (Lactaut.
593 2131 691 2196 divin.
713 2130 786 2194 inst.
811 2129 858 2195 Ill
883 2133 931 2212 17,
952 2128 1023 2211 39):
1058 2127 1138 2195 Cam
1159 2129 1226 2193 dis·

54 2237 147 2311 putat
168 2228 358 2315 (Epicuros)
387 2231 494 2295 omnio
516 2232 689 2316 sapientem
711 2250 770 2294 sua
802 2249 901 2293 causa
919 2230 1040 2312 secere,
1072 2227 1116 2294 od
1139 2229 1226 2293 utili·

54 2337 147 2394 totem
177 2349 270 2394 suom
302 2329 399 2412 refert
426 2331 550 2404 omniu,
577 2350 656 2414 quoe
684 2331 756 2413 opit.

137 2431 176 2494 Et
205 2432 295 2512 irgm.
319 2430 379 2494 523
409 2428 561 2511 (lactant.
586 2430 684 2494 divin.
709 2425 1005 2508 inst.11117,4·2):
1038 2427 1128 2492 Dicit
1146 2427 1224 2513 Epi·
1272 2487 1275 2494 .

55 2549 152 2594 eurus
164 2579 171 2594 .
182 2581 189 2595 .
200 2578 208 2594 .
220 2531 342 2595 nullum
355 2551 418 2594 esee
429 2529 602 2594 itomanam
614 2530 806 2593 societatem:
823 2528 883 2591 eibi
893 2548 1043 2612 quemque
1054 2527 1224 2594 consulere.

138 2630 224 2707 Quod
254 2629 404 2715 placitum
437 2631 519 2715 apud
549 2630 696 2694 Plautum
719 2629 885 2693 Asinariae
915 2651 944 2694 v.
970 2629 1028 2693 186
1057 2650 1224 2712 agnoscen-

58 2731 133 2795 dum
154 2729 297 2810 videtur3
332 2751 405 2794 nem
428 2730 514 2810 lena,
548 2751 626 2814 quac
659 2737 829 2794 amatorem
859 2729 945 2794 omui
975 2729 1064 2795 modo
1089 2729 1223 2816 expilat,

56 2831 114 2894 hac
132 2829 330 2894 excusatione
353 2830 472 2894 utitur:

55 2931 125 2982 Vera
144 2930 219 2983 dico:
245 2929 278 2982 ad
297 2946 372 2982 suom
392 2945 520 2998 quemque
541 2929 670 2982 hominem
692 2935 829 2998 quaestum
857 2947 915 2984 esse
934 2935 1072 3000 aequomst
1090 2929 1223 2983 callidum.

58 3017 176 3081 Deinde
199 3015 324 3080 Mercat.
347 3039 376 3080 v.
400 3019 479 3082 1010
501 3016 705 3100 Lysimachus
732 3017 770 3080 ad
802 3039 929 3082 uxorem
959 3018 1072 3082 iratam
1096 3015 1225 3082 introire

58 3116 203 3181 dubitans
223 3124 315 3181 autea
337 3116 437 3181 filium
462 3117 647 3197 interrogat:

160 3216 288 3286 Eutyche,
316 3217 385 3270 hane
404 3216 463 3270 volo
482 3217 556 3285 prius
575 3233 628 3268 rem
649 3217 700 3284 egi,
720 3234 797 3285 quam
818 3234 903 3272 meum
923 3219 992 3271 intro
1012 3215 1097 3270 refero
1116 3215 1220 3285 pedem.

58 3299 138 3356 unta
157 3303 225 3366 Quid
236 3304 305 3356 istuc
316 3302 375 3356 est?
395 3298 476 3370 hya:
492 3302 570 3355 Suam
583 3304 694 3371 quisque
706 3305 782 3357 homo
793 3321 846 3357 rem
858 3305 984 3358 meminit.
1002 3303 1131 3372 responde
1143 3302 1220 3355 mihi:

160 3390 256 3444 Gerton
277 3390 328 3443 scis
347 3405 401 3443 non
422 3405 576 3442 suscensere
596 3390 658 3441 milri
678 3395 750 3443 tuem
771 3391 901 3444 matrem?

59 3479 214 3542 Postremo
248 3477 432 3542 Truculeuti
465 3498 495 3540 v.
529 3479 590 3542 930
622 3477 844 3563 Stratophanes
882 3478 974 3542 miles
1006 3475 1222 3552 Phronesium,

61 3578 244 3661 quasillum
267 3576 388 3662 spernit
410 3586 441 3642 ct
461 3577 559 3643 alium
582 3587 676 3658 amat,
699 3578 856 3663 increpat:

161 3677 221 3744 Qui,
240 3678 347 3743 malum,
366 3677 436 3731 bella
455 3684 501 3730 erit
519 3677 637 3742 tacete’s,
656 3694 723 3746 quae
742 3692 813 3730 ames
832 3677 963 3730 hominem
984 3677 1028 3729 isti
1048 3675 1138 3730 modii

61 3763 118 3828 llla
135 3775 238 3830 autem
262 3765 446 3849 respondet:

158 3865 273 3918 Venitne
292 3865 320 3916 in
339 3868 451 3917 mentem
473 3865 530 3929 tibi,
556 3865 626 3933 quod
646 3865 753 3918 verbum
773 3864 800 3916 in
821 3880 901 3917 cavea
920 3863 986 3915 dixit
1006 3861 1119 3915 histrio?

159 3951 256 4004 Omnes
275 3950 395 4004 homines
415 3950 448 4004 ad
468 3967 543 4004 suum
562 3957 701 4019 quaestum
722 3949 809 4004 calent
828 3955 854 4002 et
872 3949 1023 4003 fastidiunt.

139 4045 228 4110 Nunc
257 4067 330 4110 vero
359 4044 487 4132 Epicuri
516 4046 555 4109 de
584 4045 707 4109 divitiis
737 4044 916 4130 opinionem
946 4064 1108 4130 exponam.
1163 4043 1223 4107 Vo-

63 4143 210 4228 luptatem
240 4167 334 4230 quam
366 4146 480 4211 acriter
512 4147 604 4210 finem
639 4146 723 4210 vitae
755 4144 916 4224 statuerit,
950 4166 1043 4230 supra
1075 4143 1224 4223 vidimus,

60 4250 191 4311 attamen
220 4267 293 4312 oum
321 4267 389 4312 eam
419 4245 519 4312 multo
547 4245 647 4330 magis
674 4246 714 4310 ad
742 4245 885 4311 animum
908 4247 1041 4311 referret
1063 4242 1220 4331 quemad
