3140 5068
817 397 1025 461 ..56-

528 574 593 628 Nam
605 575 741 643 prodeam
759 579 837 645 atque
852 575 987 628 hominum
1000 575 1088 640 fidem,
1106 574 1169 642 quid
1183 574 1224 626 vis
1239 573 1309 625 tibi?

529 661 598 724 Quid
617 660 742 730 quaeris?
768 677 852 714 annos
871 663 1010 730 sexaginta
1028 667 1108 715 natus
1127 678 1164 728 es,

529 748 584 800 Aut
602 748 663 816 plus
681 762 720 813 eo,
739 752 769 800 ut
788 749 904 814 conicio;
924 749 952 802 in
970 750 1011 802 his
1030 749 1184 816 regionibus

529 833 662 887 Meliorem
684 850 775 902 agrum
794 851 882 904 neque
901 837 969 904 preti
990 836 1097 889 maioris
1115 851 1192 888 nemo
1213 833 1308 896 habet;

530 919 625 974 Servos
644 920 802 989 compluris:
824 921 935 990 proinde
955 923 1030 990 quasi
1049 937 1126 974 nemo
1146 921 1204 985 siet,

531 1007 571 1061 ita
590 1010 691 1061 attente
709 1010 766 1060 tute
785 1007 890 1060 illorum
910 1008 998 1062 oifioia
1015 1009 1135 1076 iungere.

530 1093 680 1161 Numquam
699 1095 752 1144 tam
773 1109 849 1146 mane
869 1093 991 1162 egredior
1009 1111 1095 1164 neque
1113 1098 1166 1147 tam
1187 1095 1291 1162 vesperi

531 1179 642 1233 Domum
663 1184 787 1246 revertor,
806 1182 870 1249 quin
889 1186 915 1233 te
933 1182 961 1234 in
980 1181 1062 1234 tundo
1082 1182 1220 1250 conspicer

530 1265 632 1319 chere
651 1270 697 1318 aut
716 1282 790 1320 arare
809 1272 856 1320 aut
874 1267 975 1337 aliquid
994 1267 1070 1320 ierre.
1095 1267 1209 1336 denique

531 1353 639 1406 Nullum
659 1354 771 1406 remittis
789 1361 894 1423 tempus
913 1371 999 1424 neque
1017 1359 1043 1408 te
1062 1355 1181 1423 respicis.

532 1439 603 1493 Haec
621 1456 674 1493 non
693 1440 825 1509 voluptati
841 1441 890 1493 tibi
909 1457 967 1494 esse
987 1442 1052 1494 satis
1071 1447 1142 1495 certo
1161 1441 1224 1494 seio.

534 1526 651 1594 „Enim‚“
672 1526 753 1594 dices,
774 1533 918 1596 „quantum
937 1528 980 1581 hic
995 1528 1084 1596 operis
1101 1526 1148 1580 fiat
1165 1528 1309 1596 paenitet.“

533 1612 608 1676 Quod
627 1614 655 1666 in
674 1630 753 1683 opere
772 1614 897 1668 faciundo
916 1631 1011 1683 operae
1031 1614 1164 1668 consumis
1182 1619 1253 1680 tuae,

534 1700 562 1754 Si
581 1716 670 1754 sumas
689 1701 717 1753 in
735 1700 789 1754 iliis
808 1700 971 1767 exercendis,
990 1701 1051 1770 pius
1069 1718 1143 1770 agas.

339 1807 379 1870 Et
401 1825 472 1870 oum
495 1803 547 1869 hic
569 1803 753 1886 interroget:

535 1902 667 1967 Chremes,
685 1907 824 1955 tantumne
843 1903 876 1954 ab
896 1920 923 1956 re
941 1907 1013 1956 tuast
1032 1905 1069 1956 oti
1088 1905 1146 1970 tibi,

534 1988 631 2042 Aliena
648 1993 679 2042 ut
697 2004 773 2042 cures
793 2005 832 2056 ea,
852 2006 919 2059 quae
938 1990 976 2043 nil
997 1991 1029 2043 ad
1049 1995 1075 2042 te
1094 1991 1231 2044 attinent?

535 2080 618 2135 Homo
632 2098 698 2150 sum,
718 2075 829 2160 pergit,
849 2083 957 2136 humani
970 2083 1006 2136 nii
1025 2101 1041 2137 a
1055 2100 1095 2135 me
1108 2083 1224 2136 alienum
1238 2088 1313 2152 puto.

536 2175 585 2227 Vel
603 2192 644 2228 me
663 2191 769 2229 monere
786 2175 837 2228 hoc
854 2175 895 2228 vel
915 2177 1064 2245 percontari
1084 2180 1162 2245 puta:

536 2263 645 2315 Rectum
657 2267 705 2329 est,
719 2279 767 2331 ego
781 2267 811 2316 ut
820 2263 930 2328 faciam3
945 2279 998 2316 uon
1012 2268 1060 2330 est,
1074 2268 1100 2317 te
1113 2267 1144 2316 ut
1158 2263 1312 2316 deterream.

340 2371 480 2435 Proiecto
508 2366 668 2432 homiuem
696 2388 768 2431 vere
787 2366 1031 2451 Peripateticum
1058 2367 1109 2431 hio
1133 2367 1280 2431 Chremes
1302 2389 1334 2432 se
1362 2377 1501 2456 praestat,

341 2469 454 2554 quiea
480 2475 602 2532 tantum
633 2466 670 2530 de
700 2488 791 2530 causa
820 2467 1040 2530 Menedemum
1071 2467 1211 2552 increpat
1241 2475 1334 2552 atque
1357 2471 1502 2552 obiurgat,

341 2569 415 2654 qnia
435 2567 572 2633 amicum
594 2567 660 2630 eius
679 2587 711 2630 se
735 2587 800 2631 esse
820 2566 989 2646 existimat,
1013 2566 1163 2652 cuiusque
1178 2567 1349 2634 admonitio
1370 2567 1502 2652 „libera“

342 2668 469 2754 quidem
490 2667 542 2748 (cf.
569 2665 751 2747 „audacter“
776 2689 805 2731 v.
829 2664 862 2747 6)
892 2667 945 2730 sed
968 2667 1035 2730 siue
1068 2667 1153 2731 omni
1184 2668 1392 2748 „acerbitate“
1417 2679 1503 2754 atque

343 2765 559 2850 „morositate“
583 2775 630 2831 est
651 2765 704 2848 (of.
726 2764 963 2848 „familiariter“
988 2789 1016 2830 v.
1034 2763 1078 2846 6).

427 2883 579 2949 Amicitia
594 2891 629 2947 ut
647 2883 770 2948 stabilis
787 2892 877 2963 esset,
896 2904 972 2968 opus
988 2905 1053 2948 esse
1066 2883 1125 2947 fide
1140 2883 1288 2947 dixerunt
1298 2883 1504 2970 Peripatetici.

426 2983 677 3048 Firmamentum
710 2990 816 3048 antem
856 2984 1036 3048 stabilitatis
1065 2983 1317 3068 constantiaeque
1360 2992 1403 3048 est
1437 2988 1504 3060 eins,

342 3105 439 3166 qaam
459 3086 495 3149 in
516 3084 656 3148 amicitia
678 3085 870 3168 quaerimus,
891 3083 987 3166 fidem
1008 3082 1091 3146 nihii
1114 3087 1158 3145 ast
1180 3084 1263 3147 enim
1285 3083 1403 3163 stabile,
1430 3081 1505 3172 qaod

343 3185 479 3264 infidam
511 3190 555 3250 est
591 3185 668 3249 dicit
701 3185 807 3250 Cicero
837 3185 920 3249 Lael.
951 3184 990 3247 65
1031 3191 1061 3247 et
1095 3183 1159 3248 iam
1194 3184 1277 3268 apud
1307 3183 1507 3250 Aristotelem

344 3285 479 3369 legimus
502 3285 572 3350 Eth.
597 3286 664 3350 Nic.
688 3285 764 3350 VIII
786 3285 867 3364 4,3:
900 3282 954 3346 καὶ
975 3282 1013 3346 ad
1044 3280 1212 3346 πιστεύειν
1239 3281 1275 3344 ἐν
1305 3282 1433 3357 τούτοις
1463 3281 1507 3347 καὶ

344 3384 384 3448 ad
406 3385 566 3469 μηδέποτ’
585 3381 629 3448 a'ir'
642 3383 808 3471 ἀδικῆσαι,
829 3384 883 3446 καὶ
906 3380 972 3447 ὅσα
988 3377 1073 3446 ἄλλα
1095 3383 1131 3445 ἐν
1151 3383 1191 3467 τῇ
1206 3381 1248 3456 ὥς
1264 3381 1398 3465 άληθῶς
1421 3385 1507 3468 φιλίᾳ

344 3483 503 3560 ἀξιοῦται.
547 3487 683 3563 Quocum
707 3485 1040 3566 consentitEudemus
1063 3484 1132 3548 Eth.
1156 3483 1233 3548 Eud.
1256 3484 1317 3549 VII
1331 3487 1360 3564 2,
1375 3487 1433 3551 40:
1460 3485 1508 3550 oia

345 3587 416 3649 ἔστι
447 3585 477 3647 δ’
508 3580 588 3648 ἄνευ
620 3589 763 3659 πίστεως
789 3583 881 3669 φιλία
912 3587 1057 3666 βέβαιος,
1089 3581 1110 3667 ἡ
1139 3583 1177 3645 δὲ
1207 3587 1318 3657 πίστις
1347 3583 1404 3647 οὐκ
1432 3581 1508 3649 o'e'ruu

344 3707 474 3768 χρονοιι.

429 3805 513 3880 Quae
535 3803 611 3868 fides
639 3802 721 3889 apud
751 3809 858 3889 poetas
879 3803 1012 3869 comicos
1041 3801 1275 3886 requirentibus
1302 3801 1384 3866 haud
1406 3803 1509 3887 paucis

346 3903 435 3969 nobis
457 3904 622 3989 praebetur
644 3903 729 3969 locis.

428 4022 495 4085 Iam
518 4021 552 4085 in
574 4021 667 4086 initio
688 4021 878 4101 Trinummi,
903 4022 984 4105 quod
1009 4040 1103 4104 supra
1124 4017 1356 4103 exscripsimus,
1377 4017 1509 4102 Megaro-

349 4121 465 4202 nidem,
490 4131 525 4186 ut
546 4122 684 4187 amicum
706 4122 845 4204 castiget,
868 4122 928 4186 fide
946 4119 1134 4186 commoveri
1156 4119 1311 4183 vidimus:

615 4229 643 4281 ni
662 4228 689 4281 id
708 4244 748 4280 me
767 4227 861 4280 invitet
879 4233 909 4280 ut
928 4227 1021 4280 faciam
1041 4227 1115 4280 fides.
