3140 5068
776 487 983 551 ,68-

295 693 326 735 v·
339 666 418 734 64οι
454 674 488 727 ut
506 691 555 743 ego
573 667 670 728 amoris
692 673 857 742 aliquantum
876 669 961 724 habeo
979 669 1132 737 umorisque
1151 665 1229 718 etiem
1247 664 1277 718 in
1296 667 1416 736 corpore.

381 768 599 833 confirmatius
620 788 693 833 vero
710 765 1000 851 Peripleoomenum
1023 760 1158 825 alterum
1179 759 1381 845 Aristippum
1402 777 1461 822 esse

297 868 387 934 nobis
399 867 657 953 persuadebimus
668 867 753 931 vitae
764 864 900 930 rationes
918 869 949 926 et
963 882 1064 927 mores
1076 860 1239 945 utriusque
1253 856 1459 943 contemplati.

309 995 310 1000 ¹
377 967 542 1032 Summum
576 967 691 1030 bonum
720 966 876 1048 finemque
909 962 993 1026 vitae
1024 970 1060 1024 ut
1093 968 1198 1046 postea
1221 958 1377 1044 Epicurus
1404 957 1462 1022 iam

296 1067 481 1152 Aristippus
501 1067 695 1151 voluptatem
724 1065 881 1128 statuebat
903 1070 936 1125 et
967 1060 1194 1126 beatitudinem
1215 1058 1354 1123 hominis
1376 1057 1410 1121 iu
1431 1077 1462 1120 ea

297 1187 364 1231 esse
386 1167 520 1252 positam
540 1165 749 1230 existimabat.

321 1288 323 1292 ·
379 1266 425 1330 ef.
448 1265 536 1348 Diog.
559 1265 636 1330 L.11
650 1266 709 1330 87:
731 1261 853 1347 ἦδουήυ
874 1268 985 1342 μιίιτοι
1004 1261 1066 1344 τήιι
1087 1259 1147 1322 τοῦ
1165 1255 1325 1339 σώματος,
1348 1254 1390 1341 ἣν
1412 1257 1462 1319 καὶ

296 1365 386 1438 τέλος
406 1355 493 1428 εἶναι

380 1464 536 1529 Athenaei
558 1464 620 1528 XII
641 1465 747 1528 544a:
775 1461 1011 1545 (Ἀρίστιππος)
1032 1459 1285 1540 ἀποδεξάμενος
1306 1458 1368 1542 vde·
1390 1458 1463 1542 ἡδυ-

297 1564 448 1628 πάθειαν
468 1560 592 1646 ταύτην
613 1563 702 1636 τέλος
723 1552 808 1625 εἶναι
830 1563 893 1645 ἔφη
915 1561 969 1624 καλ
999 1561 1035 1623 δι’
1062 1559 1148 1644 αὐτῇ
1166 1561 1226 1643 τήιι
1255 1559 1463 1642 εὐδαιμονίαι·

295 1663 493 1748 βεβλῆσθαι.

380 1763 525 1829 Soeratie.
548 1784 595 1849 ep.
616 1763 695 1828 XIII
716 1763 735 1826 2
757 1759 955 1848 (Aristippus
977 1760 1132 1842 Simoni):
1166 1760 1286 1824 σκόπει
1305 1749 1363 1822 οιλυ
1386 1758 1463 1823 ὁπό-

298 1883 358 1928 σοιι
380 1882 431 1927 σοι
452 1863 514 1943 ἕγιδ
535 1860 668 1945 φίλος“
649 1885 666 1925 ο
691 1858 866 1946 ῥᾳστιλιιαυ
888 1861 942 1923 καὶ
962 1884 1026 1924 ταυ
1046 1860 1175 1924 δδοιιδυ
1194 1859 1449 1980 α’μοδεχόμειος.

381 1962 528 2030 Sooratie.
551 1983 598 2048 ep
623 1963 700 2027 VIII
722 1961 804 2041 (Ant
791 1961 943 2026 tisthenes
966 1962 1055 2026 Arist
1041 1960 1160 2047 tippo):
1196 1983 1225 2023 ει
1218 1955 1338 2039 ’,δ”
1312 1983 1353 2032 ος
1384 1963 1466 2043 φασί

297 2087 396 2143 τινες,
425 2062 548 2147 ήδοιιηυ
574 2065 755 2142 θαυμάζεις
782 2061 837 2123 καλ
866 2057 992 2124 τοιλτιυυ
1021 2059 1142 2144 αὐτέχῃ
1173 2047 1220 2122 αλιι
1240 2060 1287 2144 μή
1309 2057 1464 2144 προσήκει

297 2164 371 2236 τοιλς
393 2167 570 2244 φροιιίιμοις
589 2160 804 2240 ἀνθρώπους,
835 2157 941 2224 α’πιθι
962 2183 1006 2234 εις
1027 2161 1209 2240 Ἀντίκυραν
1230 2181 1284 2222 και
1304 2156 1464 2243 ιδφελησει

298 2280 344 2326 σε
358 2285 376 2325 ο
368 2261 565 2342 ’ἐλλέβορος
583 2260 704 2334 ποθεὶς
725 2257 838 2334 πολιλς.

381 2363 593 2446 Unaquaeque
615 2368 669 2425 aut
671 2382 720 2425 em
741 2362 885 2444 voluptas
907 2361 937 2424 ei
956 2361 1071 2424 bonum
1087 2319 1252 2424 videbatur
1269 2380 1369 2444 neque
1385 2359 1464 2425 iuter

299 2483 350 2527 eos
372 2461 475 2525 ullum
498 2481 566 2525 esse
588 2460 766 2525 discrimen
1005 2504 1008 2514 ι

383 2562 428 2626 Cf.
451 2561 540 2643 Diog.
563 2561 597 2623 L
619 2561 729 2626 1188:
760 2582 804 2642 μρ
828 2558 995 2641 διαφέρειν
1017 2491 1346 2643 τεὴδοιήιιήδουῆς.

299 2633 409 2746 ltaque
429 2660 516 2725 nulla
539 2660 787 2744 voluptatte
669 2660 787 2724 ttabs
789 2659 904 2738 inebet,
925 2659 980 2723 sed
1002 2659 1147 2724 omnibus
1168 2680 1201 2724 se
1224 2660 1406 2724 dedebatt
1373 2668 1406 2724 at
1408 2681 1464 2744 que

297 2782 419 2826 summo
442 2781 545 2845 opere
554 2760 596 2824 id.
610 2759 771 2840 sttudeba‚
742 2767 829 2823 tut
848 2781 941 2844 quam
964 2759 1150 2824 suavissime
1171 2760 1302 2824 viveret

306 2860 473 2946 .Apud
491 2859 728 2945 Xenophontem
750 2810 917 2924 diemoreb.
937 2860 997 2923 111
1000 2859 1127 2944 ‚9ipse
1147 2860 1243 2925 dieit:
1267 2856 1414 2940 ἐμαυτόι
1433 2880 1464 2940 γε

296 2959 416 3040 μείιτοι
419 2956 529 3020 τάττω
541 2958 586 3032 εἰς
595 2959 671 3032 τοιλς
681 2945 925 3039 βουλομένους
905 2981 927 3042 ῃ
935 2957 1045 3040 ῥᾷστα
1055 2981 1091 3020 τε
1101 2981 1156 3020 και
1145 2955 1288 3041 ἥδιστα
1297 2962 1409 3041 βιοτειι
1410 2981 1463 3022 ιιι.

330 3059 562 3123 Deindef
529 3061 568 3123 ef.
597 3058 744 3124 Socratio.
773 3080 821 3143 ep.
850 3058 912 3122 XII
942 3057 1070 3138 (Simon
1096 3057 1292 3145 Aristippo)
1338 3059 1399 3140 ἐγιδ
1429 3059 1465 3120 δὲ

297 3147 495 3239 ὁμολογοῖς
462 3180 546 3237 ειιιαι
568 3157 766 3237 σκυτοτόμος
784 3157 842 3220 καὶ
864 3155 1061 3238 ἐργαζεσδαι
1081 3162 1228 3237 τοιαιλτα,
1251 3181 1306 3222 και
1330 3159 1463 3239 ἕτοιμος,

298 3256 328 3320 εἰ
359 3257 442 3335 ds'ot,
476 3255 584 3340 Ισιιιλτη
616 3261 746 3337 aspirem
777 3246 823 3321 αιλ
855 3253 957 3320 πάλιν
989 3255 1033 3330 εἰς
1066 3261 1247 3322 νουθεσίαν
1275 3256 1464 3339 αἰιθριιλπωιι

296 3354 451 3438 α’φριλιαιυ
470 3355 524 3417 καὶ
552 3354 635 3419 οὕτω
657 3353 742 3436 μετδ
766 3357 886 3442 πολλῆς
905 3356 1016 3443 χλιδῆς
1036 3357 1193 3440 stupeum·
1214 3361 1270 3444 ζῆν
1292 3362 1385 3441 παραὶ
1406 3360 1465 3440 τὴιι

296 3454 486 3535 Σωκράτους
507 3455 637 3542 βουλήν.

377 3555 487 3620 Simili
507 3557 596 3621 modo
618 3558 890 3666 Peripleoomenus
923 3577 1044 3642 quoque
1071 3535 1244 3643 numquam
1260 3577 1367 3641 neque
1390 3556 1464 3622 adu·
1550 3537 1551 3588 λ

296 3601 438 3720 iesoeus
435 3676 546 3740 neque
568 3657 617 3721 vir
638 3678 738 3740 neque
758 3677 853 3722 senex
874 3656 972 3721 alium
997 3658 1080 3722 vitae
1102 3660 1197 3723 finem
1218 3658 1279 3744 sibi
1307 3655 1465 3744 proposuit

295 3756 872 3842 eesemper·voluptate1ru1ein
902 3777 995 3840 quam
1020 3759 1169 3823 maximis
1196 3759 1304 3823 vivere
1332 3759 1463 3836 deliciis,

296 3855 377 3939 quod
405 3876 476 3918 eum
503 3877 540 3920 ex
569 3858 715 3922 omnibus
746 3857 814 3921 eius
845 3858 1171 3923 sermonibustume
1198 3860 1341 3924 versibus
1363 3860 1465 3924 elucet

296 3956 355 4019 641
379 3963 410 4019 et
432 3957 502 4021 706.

330 4053 485 4122 Nequedum
506 4056 607 4108 exerui,
621 4073 653 4109 ex
670 4061 789 4112 amoenis
809 4062 888 4115 rebus
908 4066 934 4115 et
952 4063 1118 4131 voluptariis.
1143 4060 1217 4128 (641)
1247 4105 1249 4111 f
1335 4109 1337 4112 .

331 4141 409 4196 Nune
427 4143 493 4195 bene
512 4143 571 4195 vivo
598 4149 626 4196 et
642 4145 874 4216 fortunate-etque
892 4153 927 4200 ut·
941 4149 1000 4202 volo
1020 4154 1099 4218 atque
1118 4149 1205 4201 animo
1222 4152 1253 4201 ut
1270 4147 1352 4200 lubet
1372 4145 1446 4214 (706)

337 4239 339 4246 '
377 4229 415 4292 Et
439 4229 513 4294 haee
537 4231 664 4314 quidem
687 4234 719 4297 in
741 4235 923 4299 universum
945 4236 983 4299 de
996 4235 1155 4300 communi
1171 4241 1277 4299 eorum
1294 4233 1463 4319 voluptatis

296 4331 399 4395 studio
422 4331 505 4394 diota
527 4332 600 4396 sint.
645 4333 751 4408 Quid?
788 4335 869 4418 quod
897 4336 991 4398 etiem
1022 4336 1054 4398 in
1084 4335 1218 4418 singulis
1240 4334 1462 4419 voluptatibus,
