3140 5068
567 463 775 528 ..73-

69 643 203 722 Quibus
232 643 265 708 in
294 643 439 710 versibus
460 642 617 708 Plautinis
646 642 726 708 nihil
757 642 843 708 aliud
873 641 962 708 nobis
991 643 1132 728 praeberi
1159 651 1254 730 atque

70 744 172 808 illam
195 745 232 809 de
245 744 409 829 Aristippo
428 743 576 809 fabellam
593 743 648 810 vir
673 744 936 809 demonstratione
958 743 1085 809 videtur
1103 743 1253 826 indigere.

69 845 121 910 Ut
153 844 222 908 illic
249 844 449 929 Aristippus,
482 844 527 909 sio
556 843 609 909 hio
629 843 906 929 Periplecomenus‘,
923 841 1137 928 vituperatur,
1170 847 1252 931 quod

72 947 205 1032 copiose
227 945 386 1026 obsonet3.
404 954 439 1010 ut
462 944 531 1009 illic
552 945 592 1023 ii,
623 944 678 1030 qui
700 952 793 1010 antea
813 944 1088 1030 vituperaverunt,
1111 967 1183 1010 curn
1205 946 1253 1011 in·-

73 1047 177 1112 vitati
200 1045 282 1128 siut,
315 1046 450 1110 libenter
472 1053 663 1131 sequuntur,
694 1065 795 1129 neque
817 1044 879 1109 iam
910 1044 1081 1130 quidquam
1105 1047 1253 1133 decepis

72 1147 224 1211 ciborum
248 1153 431 1231 queruntur,
465 1145 509 1210 ita
530 1145 582 1209 hic
606 1165 727 1230 quoque
750 1145 930 1210 convivium
951 1145 1087 1212 multum
1109 1147 1197 1212 abest
1218 1157 1254 1214 ut

71 1253 231 1325 renuant3
265 1253 300 1309 ut
329 1245 396 1309 illic
423 1245 530 1330 cupidi
554 1252 628 1310 suut
650 1245 762 1310 edendi
784 1251 878 1330 atque
904 1247 1048 1331 potandi,
1080 1247 1126 1313 sio
1146 1249 1250 1314 'etiam

71 1347 132 1411 hic
152 1346 277 1412 nullum
300 1346 406 1410 cibum
428 1353 589 1431 spernunt.
634 1346 668 1411 Id
691 1366 800 1426 unum,
821 1345 903 1412 sicut
924 1347 987 1410 iam
1008 1347 1085 1429 dixi,
1109 1348 1251 1429 interest,

72 1448 162 1533 quod
185 1448 268 1533 apud
289 1447 438 1511 Plautum
464 1447 673 1528 lineamenta,
706 1466 784 1531 quae
809 1449 892 1532 apud
914 1449 1084 1532 Diogenem
1108 1449 1253 1516 universe

72 1557 205 1614 tantum
228 1557 301 1614 sunt
319 1547 509 1630 significata,
543 1550 576 1614 in
607 1546 741 1631 singulis
769 1548 912 1633 partibus
942 1550 1088 1614 omuibus
1117 1551 1201 1636 picta
1221 1560 1253 1617 et

74 1650 181 1737 polita
202 1649 348 1715 videmus
369 1651 446 1716 artis
468 1649 631 1716 coloribus.

165 1751 355 1816 Huiusmodi
386 1751 654 1816 luculentissimas
683 1749 860 1835 voluptates
884 1771 955 1814 cum
978 1759 1154 1836 expeteret,
1179 1754 1251 1818 Ari-

75 1852 221 1937 stippum
246 1851 412 1936 pecuniam
434 1872 557 1936 quoque
578 1871 699 1916 amasse
718 1857 811 1935 atque
833 1847 961 1914 divitias
978 1851 1068 1916 facile
1084 1852 1250 1920 credimus.

76 1951 169 2030 Quod
202 1951 266 2015 iam
296 1958 459 2037 propterea
488 1951 625 2016 maxime
653 1957 701 2015 est
728 1950 919 2029 verisimile,
950 1953 1030 2035 quod
1060 1954 1161 2038 patria
1183 1956 1251 2020 eius

77 2059 171 2117 erant
184 2053 332 2136 Cyrenee,
355 2072 434 2136 quae
454 2052 528 2115 urbs
545 2051 611 2116 illis
633 2051 827 2137 temporibus
850 2055 880 2115 et
901 2058 1077 2117 mercatura
1097 2061 1128 2117 et
1149 2063 1250 2120 terrae

78 2152 225 2217 ubertate
246 2151 322 2217 adeo
345 2150 490 2230 florebat,
521 2159 556 2215 ut
587 2151 707 2217 incolae
735 2173 864 2234 magnas
894 2152 1089 2236 possiderent
1111 2154 1249 2220 divitiae.

78 2253 139 2316 Sed
177 2259 300 2334 exstant
333 2251 461 2337 insuper
489 2252 565 2316 satis
587 2251 688 2316 multa
710 2252 907 2334 testimonio,
937 2253 1090 2337 equibus
1111 2276 1250 2321 amorem

79 2353 148 2417 eius
172 2351 356 2417 divitiarum
374 2373 555 2434 cognoscere
570 2373 745 2437 possumus,
790 2353 1033 2446 Divitias'enim
1056 2354 1138 2419 dixit
1155 2376 1249 2439 quam

79 2452 235 2516 maximas
257 2474 324 2517 esse
340 2453 537 2538 expetendas,
560 2473 639 2538 quae
657 2460 784 2516 eatenus
806 2452 968 2522 differrent
989 2454 1250 2537 acalceamentis,

80 2552 162 2635 quod
186 2552 332 2636 quamvis
354 2560 458 2617 essent
480 2573 620 2634 magnae,
643 2559 750 2617 tamen
772 2574 944 2637 numquam
965 2562 1069 2618 essent
1090 2554 1235 2626 inutiles,

164 2653 208 2716 cf.
233 2652 319 2717 Stob.
343 2653 406 2717 flur.
426 2654 545 2731 ets-2:
576 2651 636 2730 οδχ
659 2647 773 2730 ὥσπερ
794 2649 956 2733 δπόδημα
977 2653 1016 2715 vo*
1038 2656 1148 2733 μεῖζον
1169 2653 1249 2717 δύσ-

80 2771 230 2834 χρηστον,
254 2746 338 2813 οὕτω
358 2752 412 2814 καὶ
435 2751 454 2836 ἡ
477 2751 738 2835 uiatoresque.
775 2753 834 2815 τοῦ
854 2755 916 2831 μὲν
935 2752 997 2832 γάρ
1019 2753 1054 2815 ἐν
1075 2755 1116 2836 τῇ
1135 2752 1249 2835 χρήσει

80 2850 118 2912 cd
149 2852 304 2931 περιττόν
331 2852 514 2931 ἐμποδίζει,
542 2855 583 2934 τῇ
612 2852 650 2914 δὲ
678 2853 732 2913 καὶ
761 2847 821 2935 ὅλῃ
848 2854 994 2934 χρῆσθαι
1022 2853 1106 2916 κατά
1134 2853 1248 2932 καιρδν

81 2949 188 3023 ἔξεστι
209 2949 263 3012 καὶ
284 2960 383 3030 μέρει,
1244 3035 1246 3038 Ι

163 3049 314 3117 Socratic.
337 3073 384 3137 ep.
403 3053 482 3117 VIII
503 3049 725 3134 (Antisthenes
747 3047 942 3136 Aristippo):
973 3048 1013 3113 οδ
1038 3048 1068 3111 δ’
1090 3047 1150 3112 οἴει
1170 3051 1250 3114 ταύ-

81 3171 139 3230 την
169 3141 253 3212 εἶναι
287 3150 481 3226 πλεονεξίαν
506 3153 565 3214 τοῦ
598 3150 801 3228 σπουδαίου,
835 3149 874 3213 cd
906 3146 1080 3213 δύνασθαι
1100 3152 1249 3214 κτάσθαι

81 3246 231 3335 χρήματα
252 3255 313 3331 μὲν
336 3248 451 3329 πολλά,
474 3251 549 3324 τοδς
570 3250 608 3313 δὲ
630 3249 878 3333 δυνατωτάτους
897 3250 982 3328 ἔχειν
1004 3248 1125 3332 φίλους.

162 3351 309 3416 Socratis.
323 3351 519 3436 erXIX5
539 3350 737 3436 (Aristippus
753 3348 869 3430 filiae):
893 3357 975 3428 μέγα
999 3335 1067 3428 οὖν,
1090 3337 1116 3412 ιδ
1137 3349 1250 3432 dyada)

81 3448 188 3530 γύναι,
217 3453 311 3530 χαῖρε
339 3450 396 3513 ἐπὶ
425 3454 470 3531 τῷ
494 3447 648 3513 πλουτεῖν·
677 3448 820 3512 πλοῦτον
848 3448 906 3510 τδν
929 3447 996 3511 dud
1026 3449 1084 3512 eoi·
1100 3453 1250 3530 κείμενοι·

83 3551 131 3613 καὶ
150 3555 353 3634 κτηματίτην
376 3556 464 3614 ποίει
484 3548 602 3615 τούτου
619 3550 678 3612 τδν·
699 3548 781 3628 υἱόν,
805 3546 843 3611 ὃν
861 3548 1043 3632 ἐβουλόμην
1064 3554 1126 3630 μὲν
1149 3550 1249 3628 ariade

83 3643 139 3733 ἤδη
161 3650 243 3732 ἐμὸν
265 3647 337 3713 vido
359 3642 452 3715 εἶναι.

160 3751 311 3834 DIogenis
333 3773 379 3836 ep.
403 3751 522 3816 XXXII
545 3748 788 3837 I(Aristippo):
821 3747 999 3833 ἐπυθόμην
1029 3770 1066 3814 σε
1089 3751 1251 3831 σχολάσαι

84 3854 247 3936 βασκανίᾳ
264 3853 343 3914 καθ’
364 3851 456 3934 ἡμῶν
478 3851 531 3914 καὶ
555 3852 646 3932 παρά
669 3853 716 3933 τῷ
731 3850 879 3931 τυράννῳ
901 3849 1068 3927 ὀνειδίζειν
1092 3848 1248 3916 ἑκάστοτε

85 3951 140 4034 τὴν
161 3952 244 4037 ἐμήν
265 3957 393 4016 πενίαν.

161 4053 270 4138 Itaque
289 4075 350 4118 non
366 4053 457 4117 modo
475 4075 493 4116 a
513 4051 679 4138 discipulis
698 4052 861 4137 pecuniam
879 4051 1023 4134 exigebat
1035 4050 1061 4134 ¹)
1082 4053 1251 4118 sedetiam

87 4168 149 4214 eam
169 4153 282 4235 agendi
306 4152 456 4217 rationem
483 4174 718 4237 nonnumquam
737 4152 934 4236 sequebatur,
958 4173 1037 4237 quae
1052 4152 1140 4218 nullo
1158 4155 1249 4218 modo

88 4251 202 4330 probari
227 4261 343 4339 potest,
367 4253 504 4339 exempli
525 4275 617 4317 causa
637 4253 720 4317 haud
743 4275 810 4318 raro
833 4253 1019 4340 Dionysium
1041 4253 1130 4324 adiit,

151 4385 176 4453 1)
195 4358 330 4454 cfsurog.
346 4385 375 4440 u.
391 4385 416 4438 11
435 4386 476 4440 ra.
498 4387 539 4440 τι.
558 4387 600 4442 so.
