3140 5068
556 448 847 510 -21-·

68 625 228 689 Fortunae
249 625 394 690 obicitur.
438 627 516 690 Nam
540 625 578 688 τὸ
600 625 703 689 κακόν
724 627 851 712 Epicuri
873 647 940 692 esee
963 623 1130 709 ἀλγηδόνα
1151 636 1182 694 et
1203 630 1241 692 ad

65 723 206 804 α’γαθὸν
227 724 367 790 eiusdem
388 723 513 810 ἡδονήν
544 726 664 791 nemini
694 733 797 813 potest
823 748 891 792 esse
912 727 1053 792 dubium.
1097 729 1183 806 Quod
1206 738 1241 794 ut

69 848 106 890 eo
131 825 231 909 magis
252 833 410 910 appareat,
432 847 556 890 versum
584 829 621 891 15
644 826 866 912 inspiciamus,
888 827 943 891 ubi
965 828 1096 893 eaodem
1117 839 1240 894 senten·

68 926 151 990 tiam
174 925 325 1008 legimus,
355 948 449 1010 quam
481 927 543 993 iam
568 927 651 1012 apud
673 928 855 992 Terentium
886 927 1067 994 invenimus
1094 937 1126 994 et
1147 951 1241 1014 quam

68 1028 109 1090 ad
134 1026 304 1111 Epicurum
328 1047 394 1090 esse
419 1028 611 1093 referendam
634 1048 729 1112 supra
749 1028 1048 1093 demonstravimus:
1063 1027 1087 1111 ¹)

215 1125 271 1194 Ego
290 1126 397 1180 deorum
418 1127 498 1179 ritem
517 1133 658 1195 eapropter
677 1129 863 1196 sempiternam
883 1143 941 1181 esse
959 1129 1081 1194 arbitror,

213 1211 288 1275 Quod
307 1213 457 1282 voluptates
478 1229 567 1266 eorum
587 1213 710 1282 propriae
730 1219 801 1267 sunt.

68 1302 231 1364 Postremo
265 1299 411 1385 respicias
448 1300 563 1382 etiam,
594 1321 688 1386 quam
720 1301 821 1365 multa
850 1301 935 1366 vitae
967 1302 1234 1367 obiectamentaa

69 1409 164 1486 poeta
186 1410 418 1480 enumerentur,
442 1412 476 1464 ut
494 1397 625 1479 ἱλαρούς
646 1403 822 1477 παίζοντας
844 1397 1111 1475 ὑποπεπωκότας
1126 1401 1241 1466 addoc-

69 1507 191 1580 μένους
213 1497 354 1561 σποδεῖν
374 1498 419 1581 (v.
444 1496 596 1580 12-13),
620 1503 730 1562 πίνειν
751 1499 795 1583 (v.
822 1497 883 1581 19),
915 1500 1034 1576 ἐξιέναι
1055 1500 1111 1564 ἐπὶ
1132 1504 1242 1583 κῶμον

71 1600 119 1682 (v.
133 1596 198 1680 20),
222 1596 368 1681 ῥάφανον
389 1599 484 1688 ἕψειν
497 1600 541 1683 (v.
554 1597 621 1681 23),
643 1598 688 1674 εἰς
708 1601 746 1662 ad
767 1599 945 1682 βαλανεῖον
966 1599 1102 1664 α’πιέναι
1118 1600 1160 1684 (v.
1175 1600 1240 1684 24),

67 1694 267 1779 κεραννύναι
286 1698 347 1761 τόν
369 1688 459 1761 οἶνον
480 1699 525 1782 (v.
549 1699 613 1779 25).

157 1801 279 1878 Restat,
309 1807 344 1863 ut
364 1800 527 1865 Menandri
551 1803 759 1883 fragmentum
784 1802 842 1864 611
876 1798 976 1880 (Kock
999 1801 1047 1864 111
1074 1820 1142 1884 pag.
1168 1797 1241 1880 184)

68 1903 215 1978 afferam,
248 1899 280 1963 in
305 1921 365 1983 quo
389 1900 515 1985 Epicuri
536 1900 574 1964 de
596 1900 755 1985 voluptate
784 1899 956 1964 doctrinam
986 1899 1139 1984 respicere
1161 1899 1240 1963 mihi

69 2001 199 2064 videtur
221 2007 324 2084 poeta:

283 2090 392 2149 ἅπανθ’
409 2089 459 2148 ὅσα
478 2095 509 2171 ζῇ
527 2097 575 2150 καὶ
593 2093 642 2150 τὸν
664 2091 742 2168 ἥλιον
760 2096 855 2166 βλέπει

285 2178 333 2235 τὸν
351 2177 448 2235 κοινὸν
467 2176 542 2254 ἡμῖν,
561 2182 644 2237 δοῦλα
664 2179 741 2238 ταῦτ’
758 2179 819 2236 ἐσθ’
838 2177 945 2255 ἡδονῆς.

158 2271 358 2356 Voluptatem
371 2271 447 2336 satis
464 2271 603 2336 vidimus
620 2294 657 2336 ex
671 2272 796 2357 Epicuri
810 2272 965 2336 sententia
976 2292 1042 2335 esse
1053 2272 1145 2335 finem
1157 2270 1240 2334 vitae

70 2381 101 2436 et
122 2371 211 2437 omui
233 2372 323 2437 modo
345 2371 568 2456 expetendam,
591 2371 728 2436 dolorem
750 2379 856 2435 autem
878 2373 984 2436 eodem
1008 2372 1098 2436 modo
1121 2370 1240 2452 fugien-

70 2473 160 2536 dum.
204 2472 262 2536 Sed
284 2493 473 2556 quamquam
498 2492 701 2556 unaquaeque
724 2472 883 2557 voluptaS,
913 2493 985 2536 cum
1014 2479 1142 2536 naturae
1170 2492 1240 2535 cou-

72 2571 199 2651 veniat‚
234 2593 288 2657 per
309 2593 342 2635 se
365 2570 479 2636 bonum
503 2581 564 2651 est,
597 2571 684 2637 dolor
712 2571 845 2650 malum,
879 2582 985 2636 tamen
1008 2592 1108 2655 neque
1134 2591 1241 2635 omnes

71 2674 251 2757 voluptates
274 2672 424 2757 petendae
443 2679 525 2752 sunt,
547 2693 646 2756 neque
671 2693 777 2736 omues
793 2672 913 2736 vitandi
931 2673 1060 2740 dolores.
1105 2673 1184 2736 Nam
1208 2677 1241 2736 ut

71 2793 169 2857 quam
201 2771 372 2836 maximam
403 2771 572 2857 voluptatis
602 2780 633 2836 et
665 2795 758 2858 quem
790 2773 957 2838 minimam
980 2772 1094 2839 doloris
1119 2772 1241 2858 copiam

69 2893 293 2955 assequamur,
325 2871 567 2954 diligentissime
597 2873 737 2955 singulas
769 2874 943 2960 voluptates
964 2883 996 2937 et
1017 2874 1138 2938 dolores
1158 2873 1241 2938 inter

71 2993 103 3035 se
128 2972 320 3056 perpendere
342 2972 499 3036 debemus.
544 2973 623 3037 Sunt
638 2973 722 3038 enim
745 2975 930 3058 voluptates,
954 2996 991 3038 ex
1012 2973 1136 3058 quibus,
1158 2981 1240 3059 post-

71 3093 168 3156 quam
191 3071 297 3156 adepti
315 3092 433 3149 eumue,
457 3071 528 3157 plus
544 3073 658 3138 doloris
675 3075 799 3138 eveniat
814 3096 906 3159 quam
926 3075 1113 3161 voluptatis3
1136 3083 1241 3139 contra

75 3171 172 3234 multi
206 3179 279 3234 sunt
301 3171 436 3248 dolorm,
479 3194 564 3256 quos,
598 3173 624 3237 si
648 3174 880 3258 pertulerimus
918 3174 1050 3240 maiores
1071 3183 1241 3260 sequantur

71 3272 261 3355 voluptates
306 3273 390 3348 Quae
413 3292 483 3336 cum
507 3273 551 3336 ita
574 3273 647 3353 sint,
669 3272 902 3338 accuratissime
925 3274 1162 3338 deliberandum
1183 3284 1239 3354 est,

72 3380 181 3435 utrum
205 3392 243 3434 ex
267 3371 439 3457 voluptate,
472 3394 564 3456 quarn
588 3374 740 3459 petimus,
772 3375 843 3459 plus
865 3375 990 3439 evenire
1015 3375 1111 3461 possit
1131 3376 1239 3461 volup·

72 3470 150 3535 tatis
165 3492 205 3534 au
219 3471 343 3552 doloriS,
368 3480 399 3536 et
414 3494 488 3536 num
503 3474 614 3550 dolore,
637 3495 730 3559 quem
749 3475 933 3560 plerumque
955 3476 1052 3542 vitare
1069 3477 1239 3556 studemus,

72 3581 179 3636 tamen
212 3574 340 3635 sortasse
363 3573 567 3656 possitei‘fici
590 3575 732 3660 voluptas
768 3576 873 3640 maior.
926 3577 969 3640 Ea
996 3578 1147 3662 voluptas
1179 3601 1240 3664 qua

72 3671 213 3736 dolorem
236 3672 431 3755 assequimur
453 3673 613 3755 maiorem,
643 3676 779 3753 vitanda,
809 3677 904 3757 dolor,
927 3699 988 3761 que
1017 3678 1166 3743 maiorem
1188 3701 1240 3744 vo·

77 3771 244 3855 luptatem‚
268 3771 430 3853 eligendus
450 3782 505 3837 est.
551 3776 633 3839 Haec
655 3777 760 3840 omnio
781 3776 835 3860 qui
858 3787 1094 3856 commentatur,
1118 3786 1240 3860 συμμέ-

72 3889 199 3951 ιρησιν,
222 3873 558 3957 „compensationem,“
582 3898 676 3961 quam
695 3887 804 3942 vocant
826 3878 981 3964 Epicurei,
1003 3878 1132 3944 adhibet
1147 3888 1241 3964 atque

73 3991 199 4055 semper
221 3971 319 4035 vitam
345 3972 476 4057 beatam
489 3975 598 4059 degere
620 3986 729 4063 potest.

158 4070 255 4135 Docet
284 4093 338 4136 uos
367 4074 405 4137 de
436 4074 492 4138 hoc
523 4077 635 4160 placito
658 4079 811 4165 Epicurus
841 4079 906 4165 ipse
936 4101 983 4165 ep.
1009 4081 1154 4145 111129:
1187 4079 1241 4142 καὶ

74 4169 150 4231 ἐπεὶ
180 4171 311 4249 πρῶτον
338 4171 471 4252 α’γαθόν
500 4178 597 4238 τοῦτο
624 4178 679 4241 καὶ
705 4178 894 4262 σύμφυτον,
923 4179 1099 4242 διανοοῖτο
1125 4178 1180 4242 καὶ
1202 4202 1240 4244 ον

146 4308 173 4377 1)
192 4308 231 4363 cf.
248 4327 310 4380 pag.
325 4311 351 4366 5.
