3140 5068
525 470 731 534 ,63-

152 652 218 704 Nam
239 651 284 721 pol
303 665 360 703 meo
380 649 485 718 quidem
504 649 592 703 animo
611 649 717 717 ingrato
736 649 841 701 homine
859 649 897 702 nil
917 650 1074 719 inpensiust.

148 737 343 791 Maletactorcm
361 735 448 789 amitti
467 736 564 790 satiust
583 752 661 804 quam
681 735 793 804 relinqui
814 735 967 790 beneficum.

147 825 235 878 Nimio
254 823 441 893 inpendiosum
460 827 578 891 praestat
595 829 622 875 te
641 838 718 891 quam
733 823 865 890 ingratum
882 822 972 876 dicier.

148 912 225 964 lllum
245 909 395 964 laudabunt
413 911 490 963 boni:
510 910 581 963 hunc
600 909 678 962 etiam
697 909 749 977 ipsi
771 907 918 976 culpabunt
937 910 1008 963 mali.

148 998 266 1062 Quane
286 1012 368 1049 causa
386 997 470 1064 magis
490 1011 549 1049 cum
569 1011 633 1048 cura
651 1011 708 1048 esse
728 1010 847 1062 aequom,
866 995 1036 1063 obvigilatost
1055 1013 1131 1066 opus.

147 1085 233 1150 Nunc,
252 1083 421 1147 Mnesiloche,
439 1083 574 1150 specimen
593 1082 720 1151 spacitur,
738 1096 810 1133 nunc
829 1086 962 1135 certamen
981 1075 1113 1147 cernitur,¹

147 1172 227 1224 Sisne
245 1185 329 1222 necne
348 1173 378 1221 ut
397 1184 455 1222 esse
474 1172 593 1238 oportet:
613 1167 707 1232 malus,
728 1168 813 1220 bonus
833 1169 1046 1238 quoiquoimodi:

150 1259 249 1322 Iustus,
268 1257 400 1309 iniustus:
422 1255 562 1323 malignus,
581 1255 687 1322 largus:
706 1254 867 1319 commodus,
886 1256 1077 1310 incommodus.

147 1343 217 1397 Cave
236 1345 274 1396 sis
292 1347 318 1395 te
338 1357 463 1412 superare
483 1357 584 1394 servom
605 1341 666 1393 siris
685 1341 810 1393 faciundo
830 1343 905 1394 bene.
938 1403 942 1410 Ι

125 1432 160 1495 ln
184 1431 365 1495 memoriam
383 1436 488 1493 autem
510 1428 606 1492 velim
627 1427 685 1490 tibi
703 1448 825 1491 revoces
841 1429 974 1493 eundem
987 1429 1213 1496 Mnesilochum

51 1531 79 1596 in
100 1532 208 1596 eodem
230 1551 372 1595 sermone
393 1529 508 1593 intimo
531 1527 705 1591 amicitiam
726 1527 843 1592 eximia
866 1528 957 1592 laude
975 1551 1093 1610 ornere,
1118 1552 1211 1614 quam

51 1632 83 1695 ad
105 1631 296 1716 Epicureum
319 1629 370 1693 vel
393 1629 636 1714 Peripateticum
671 1629 785 1691 lentem
816 1649 881 1692 esse
904 1630 1096 1696 referendam
1119 1651 1214 1716 supra

52 1731 339 1796 demonstravimus
355 1727 379 1810 ¹)
433 1729 517 1806 Quae
539 1749 609 1792 cum
630 1727 674 1790 ita
695 1727 760 1791 sint
782 1749 971 1812 quamquam
995 1723 1070 1794 haec
1092 1752 1213 1816 quoque

51 1831 139 1894 verba
158 1830 368 1895 adulescentis
390 1829 429 1893 ad
451 1828 575 1892 easdem
597 1834 706 1908 sectas,
731 1828 756 1892 si
779 1828 846 1892 fieri
870 1829 975 1914 possit,
998 1833 1112 1895 reterre
1135 1832 1212 1896 veli·

52 1953 132 2009 mus,
164 1939 269 1995 tamen
292 1929 325 1994 id
347 1927 515 2013 quominus
539 1927 708 2007 iaciamus,
737 1949 792 1992 nos
821 1928 999 2014 impediunt
1020 1930 1153 1998 Senecae
1175 1932 1213 1996 de

53 2031 195 2095 benef.V
228 2034 283 2095 ll:
324 2029 417 2094 Venio
447 2049 531 2093 aare
562 2029 605 2092 ed
640 2029 784 2092 ultimam
807 2035 943 2112 partem.
993 2032 1048 2116 qui
1072 2033 1213 2114 qratiam

54 2130 151 2212 refert,
175 2130 302 2211 aliquid
324 2129 410 2193 debet
430 2129 611 2213 inpendere,
633 2128 712 2192 siout
733 2129 788 2209 qai
807 2129 899 2192 soluit
916 2131 1095 2214 pecualem.
1131 2131 1212 2196 nibil

57 2235 151 2293 cutem
172 2229 326 2314 inpendit,
349 2229 405 2310 qui
425 2229 565 2310 qratiam
585 2227 647 2291 sibi
667 2227 776 2310 refert.

108 2329 167 2393 ¹llt
196 2330 226 2394 V
258 2331 294 2395 2:
333 2327 421 2394 Illud
458 2330 564 2410 otique
595 2329 687 2392 urtice
716 2329 773 2394 tibi
797 2331 902 2414 placet
933 2331 1014 2394 relat
1048 2331 1214 2416 mopuifioe

54 2428 180 2493 dictum:
210 2435 302 2514 turpe
323 2435 367 2494 est
388 2429 545 2509 beneficiis
561 2428 654 2494 uinci.

127 2530 268 2614 Uterque
298 2529 384 2608 enim
410 2528 497 2594 locus
526 2550 596 2593 cum
627 2529 770 2594 versibus
791 2530 948 2595 Plautinis
977 2537 1097 2594 tantam
1118 2530 1212 2594 habet

55 2627 300 2708 similitudinem,
330 2635 365 2694 ut
387 2629 425 2693 de
450 2629 552 2694 Stoico
582 2630 666 2708 fonte
689 2629 792 2714 potius
813 2629 902 2695 nobis
924 2651 990 2694 esse
1013 2629 1212 2712 cogitandum

56 2727 224 2794 existimem
248 2750 342 2814 quam
365 2730 402 2794 de
425 2729 576 2815 Epicureo
596 2737 627 2793 et
650 2728 865 2813 Peripatetico.

129 2847 226 2911 Alter
248 2847 333 2912 locus
361 2854 462 2910 exstat
490 2847 602 2912 Persae
630 2847 663 2911 in
693 2868 722 2911 v.
744 2847 814 2911 753.
866 2847 916 2910 lbi
937 2845 1066 2911 Toxilus
1093 2866 1210 2925 servus,

56 2945 105 3026 qui
125 2947 294 3011 Dordalum
317 2946 461 3011 lenonem
481 2947 558 3011 bene
581 2947 758 3012 ludificatus
777 2953 834 3025 est,
855 2954 887 3009 et
908 2946 957 3010 dis
980 2945 1095 3028 gratias
1118 2947 1212 3010 refert

56 3052 83 3106 et
102 3046 222 3125 amicos,
245 3066 377 3128 quorum
400 3045 518 3111 auxilio
541 3067 616 3112 usus
639 3055 695 3128 est,
718 3046 889 3132 spoliorum
908 3045 1075 3132 participes
1097 3046 1189 3110 facit:

84 3141 204 3198 Hostibus
222 3145 309 3211 victis,
327 3145 430 3199 civibus
450 3146 539 3213 salvis,
565 3163 592 3200 re
611 3145 716 3215 placida
734 3147 846 3215 pacibus
866 3147 999 3216 perlectis,

86 3228 152 3283 Bello
171 3231 298 3295 extincto,
316 3247 344 3283 re
362 3231 428 3284 bene
448 3237 531 3300 gesta,
549 3234 652 3302 integro
673 3233 790 3286 exercitu
810 3237 836 3285 et
855 3233 1003 3300 praesidiis,

88 3313 163 3376 Quom
182 3318 249 3370 bene
267 3332 325 3382 nos,
343 3318 473 3388 luppiter,
491 3319 582 3373 iuvisti
602 3318 682 3388 dique
701 3320 745 3372 alii
765 3320 851 3372 omnis
871 3320 1070 3388 caelipotentes,

87 3401 133 3454 Eas
150 3403 224 3456 vobis
243 3401 327 3454 habeo
347 3409 435 3470 grates
454 3408 534 3472 atque
552 3422 611 3474 ago,
631 3407 693 3475 quia
708 3407 788 3475 probe
804 3423 862 3460 sum
876 3406 948 3459 ultus
963 3422 1048 3458 meum
1068 3405 1211 3457 inimicum.

87 3487 157 3542 Nune
173 3490 205 3542 ob
225 3506 282 3543 earn
302 3507 356 3544 rem
375 3491 445 3543 inter
465 3492 609 3560 participes
629 3493 744 3546 dividam
764 3493 888 3562 praedam
910 3495 936 3544 et
956 3492 1131 3560 participabo.

87 3573 122 3626 lte
138 3575 221 3629 toras:
248 3577 291 3629 bic
309 3576 367 3629 volo
388 3581 451 3630 ante
468 3577 564 3630 ostium
584 3581 610 3630 et
628 3580 735 3632 ianuam

90 3661 154 3715 ileos
173 3663 316 3732 participes
335 3664 401 3716 bene
421 3664 548 3732 accipere.

88 3747 193 3802 Statuite
212 3751 255 3804 bio
273 3749 400 3803 lectulos:
426 3751 517 3820 ponite
538 3751 588 3816 bic,
609 3767 675 3820 quae
696 3751 832 3804 adsolent:

87 3831 130 3886 llic
147 3837 226 3889 statui
245 3835 304 3888 volo
324 3836 436 3904 primum
456 3836 575 3906 †aquilu
592 3839 655 3890 mibi

89 3918 155 3972 Unde
173 3938 221 3990 ego
242 3923 327 3975 omnis
346 3923 444 3977 hilaros
463 3923 580 3977 ludentis
599 3924 768 3978 laetificantis
789 3925 882 3978 faciam
903 3928 933 3976 ut
952 3923 1026 3984 fiant,

90 4002 195 4065 Quorum
216 4024 296 4077 opera
315 4009 380 4061 haec
399 4010 462 4061 mibi
482 4010 571 4064 lacilia
590 4011 661 4064 lactu
681 4011 751 4064 lacta
770 4016 832 4063 sunt
851 4027 917 4079 quae
935 4010 1006 4063 volui
1025 4009 1116 4062 elfieri.

89 4089 148 4144 Nam
165 4095 302 4165 improbus
321 4099 361 4148 eat
380 4096 471 4163 home,
497 4099 543 4166 qui
561 4097 718 4151 beneficium
737 4098 787 4150 seit
806 4098 925 4167 accipere
944 4101 970 4150 et
988 4095 1097 4149 reddere
1116 4093 1209 4146 nescit.

62 4209 241 4224 κ

123 4293 340 4368 mmmm
