3140 5068
536 443 741 522 —11-'

137 639 183 702 Gt.
197 640 287 720 irgm.
300 637 360 702 342
378 636 505 718 (Aetius
518 635 630 719 (Plut.)
643 639 671 702 V
683 641 732 718 20,
746 642 764 703 2
789 662 856 725 pag.
868 641 930 706 432
942 637 1002 721 D):
1026 636 1227 722 Δημόκριτος

46 738 241 818 Ἐπίκουρος
262 739 305 800 ud
325 736 460 818 οὐράνια
483 736 557 820 <otiu
578 736 802 816 ἀποδέχονται
825 743 889 820 ζῷα
912 731 1019 822 εἶναι).

143 840 184 902 Et
206 839 326 902 ibidem
349 837 561 921 (Augustinus
585 839 622 902 de
654 837 781 903 civitate
803 840 855 904 dei
884 841 990 905 xvltt
1012 838 1084 921 tn:
1116 839 1229 904 Nonne

49 939 144 1022 apud
168 939 310 1004 Athenas
332 946 359 1004 et
375 937 530 1022 Epicurei
550 938 711 1003 clarebant
729 940 910 1004 adserentes
932 961 983 1006 res
1004 940 1163 1004 dumanas
1185 941 1229 1005 ad

49 1040 188 1102 deorum
210 1059 322 1102 curum
342 1059 407 1102 non
423 1040 599 1122 pertinere,
623 1045 650 1102 ct
672 1039 784 1118 Stoici,
806 1041 862 1122 qui
883 1043 1045 1105 contraria
1066 1043 1230 1105 sentientes

49 1159 106 1201 eas
129 1140 198 1222 rcqr'
220 1145 312 1224 atquc
329 1139 450 1203 inaniri
474 1138 537 1201 diis
555 1138 755 1202 adiutoribus
777 1147 804 1204 et
824 1141 979 1204 tutoribus
997 1140 1229 1226 disputabant?

57 1238 154 1304 [tuoe
174 1240 283 1322 miror,
306 1260 364 1302 cur
387 1240 603 1323 Anuraporas
625 1259 700 1301 reus
719 1238 826 1320 factrus
847 1241 905 1320 sit,
934 1241 1011 1326 quia
1031 1243 1127 1306 sotem
1149 1240 1231 1304 dicit

49 1358 120 1402 esse
152 1338 289 1418 lapident
319 1339 497 1418 ardentem,
531 1357 652 1423 crepans
675 1340 783 1420 atique
811 1340 920 1421 deum,
954 1361 1024 1406 error
1055 1342 1091 1404 e'n
1124 1341 1232 1404 eudem

49 1441 183 1503 ciuitate
209 1439 316 1518 ¹istoria
344 1438 490 1515 floruerit
512 1437 675 1523 Epicurus
697 1440 869 1522 vixeritque
889 1460 1019 1504 secururs
1040 1460 1104 1503 non
1129 1441 1231 1504 solum

51 1539 154 1602 seleon
176 1541 222 1602 oet
245 1537 346 1606 udum
368 1539 510 1603 siderum
534 1539 626 1602 ‹teurn
649 1557 714 1602 esse
735 1560 798 1602 non
821 1540 960 1615 credens,
984 1540 1040 1604 sed
1062 1538 1231 1604 neclooem

51 1659 110 1702 nec
143 1639 243 1702 tellum
275 1640 404 1704 deerunt
426 1639 554 1702 omniuo
577 1640 611 1702 in
640 1640 758 1704 mundo
779 1640 923 1704 beddure
952 1641 1155 1718 contendens,
1189 1641 1233 1704 act

52 1760 149 1820 quem
170 1759 278 1818 preces
300 1738 460 1802 dominum
483 1739 787 1824 supplicationesque
803 1741 999 1824 perueniunt.

141 1838 351 1902 Statuendum
381 1838 478 1922 igitur
511 1847 558 1902 est
591 1839 732 1903 versibus
767 1839 833 1904 illis
867 1840 1019 1904 Graecum
1054 1838 1234 1904 Mercatoris

53 1947 234 2019 auctorem,
268 1938 485 2003 Philemonem
496 1937 521 2020 ¹)
555 1937 741 2022 Epicuream
772 1947 913 2004 secutum
951 1961 1090 2025 pugnare
1127 1948 1234 2004 eontra

54 2039 236 2103 Stoicorum
269 2039 370 2118 diem,
402 2047 542 2116 noctem,
575 2037 678 2102 sidera
706 2039 779 2103 deos
809 2039 1019 2105 iudicantium
1049 2039 1233 2120 doctrinam,

55 2161 154 2224 quam
169 2138 200 2201 in
220 2138 388 2203 comoediis
400 2138 525 2223 saepius
545 2138 641 2202 fuisse
654 2148 834 2222 usurpatam
850 2140 907 2204 hoc
919 2139 986 2224 ipso
999 2139 1064 2205 loco
1077 2139 1232 2204 docemur.

143 2239 301 2306 Postremo
318 2238 411 2303 verba
430 2246 503 2302 sunt
521 2237 662 2302 iacienda
676 2237 714 2301 de
732 2238 862 2302 Casinas
880 2261 909 2304 v.
924 2239 984 2304 345
997 2260 1042 2323 sq.
1087 2239 1233 2324 Olympio

56 2347 88 2402 et
114 2338 265 2402 Chalinus
287 2337 369 2402 serui
393 2347 524 2423 uterque
547 2337 693 2402 Casinam
716 2359 843 2402 uxorem
867 2349 993 2422 petunt,
1024 2360 1156 2423 quorum
1179 2340 1234 2403 iiie

56 2463 76 2502 a
101 2437 270 2522 Lysidamo
293 2438 437 2519 domino,
470 2438 522 2502 hic
543 2437 766 2517 aCleostrata‚
800 2437 889 2501 illius
911 2461 1025 2520 uxore,
1058 2439 1233 2504 adiuvatur.

58 2539 126 2602 Hoc
157 2547 315 2604 certarnen
345 2547 379 2601 ut
409 2538 536 2602 taudem
558 2537 727 2621 aliquando
749 2538 960 2617 discernatur,
994 2560 1099 2604 servos
1129 2539 1235 2603 sortiri

58 2640 149 2704 iubet
171 2660 275 2703 senex.

271 2737 339 2804 Quid
360 2739 382 2791 si
402 2754 460 2791 sors
479 2738 556 2790 aliter
575 2753 653 2805 quam
674 2739 745 2790 voles
765 2739 903 2791 evenerit?

59 2825 185 2912 quaerit
208 2826 363 2911 Olympio.

271 2926 401 2982 Benedice
421 2927 462 2979 dis
482 2943 538 2979 sum
558 2925 651 2988 fretus,
670 2923 733 2977 deos
748 2925 923 2992 sperabimus.

60 3014 230 3098 respondet
252 3013 447 3096 Lysidamus.
491 3014 571 3077 Tum
595 3031 721 3076 servus:

271 3113 330 3165 Non
349 3129 397 3181 ego
417 3114 486 3165 istuc
505 3113 613 3164 verbum
631 3113 741 3179 empsim
762 3111 920 3164 titivilticio:

271 3200 337 3252 Nam
357 3215 447 3253 omnes
466 3198 590 3251 mortales
610 3198 666 3250 deis
687 3204 751 3251 sunt
768 3198 846 3251 freti:
867 3199 912 3251 sed
933 3205 1021 3250 tamen

271 3287 333 3339 Vidi
353 3301 401 3354 ego
422 3285 478 3338 deis
498 3285 579 3338 fretos
599 3300 679 3351 saepe
698 3285 794 3337 multos
813 3285 910 3353 decipi.

62 3377 184 3453 Quibus
205 3374 238 3437 in
261 3373 403 3438 versibus
427 3373 506 3456 quod
530 3373 569 3436 ad
594 3373 720 3435 deorum
744 3371 898 3435 auxilium
921 3372 1042 3450 attinet,
1064 3373 1121 3435 hac
1144 3371 1181 3435 de
1204 3391 1236 3435 re

63 3479 129 3541 iam
151 3475 227 3539 satis
249 3475 369 3538 dictum
393 3482 457 3554 est,
487 3473 659 3553 sedetiam
685 3470 770 3534 uliud
795 3471 1025 3556 respiciendum
1049 3480 1104 3536 est.
1148 3471 1236 3555 Lysi-

63 3579 176 3641 damus
199 3575 282 3638 euim
305 3575 338 3638 di
360 3574 434 3658 quid
464 3574 521 3638 hac
548 3573 581 3636 in
615 3594 646 3636 re
670 3572 771 3635 velint
792 3582 823 3635 et
857 3573 918 3635 utri
940 3574 1065 3636 faveant
1092 3583 1173 3636 sorte
1204 3592 1237 3634 se

66 3697 249 3760 cognoscere
270 3695 357 3758 posse
379 3673 506 3738 contidit
530 3681 570 3753 et,
595 3693 665 3736 cum
684 3673 751 3756 ipse
770 3671 819 3735 dis
837 3673 935 3734 fretus
954 3671 1005 3753 sit,
1029 3671 1099 3737 illos
1116 3691 1237 3754 quoque

65 3799 100 3841 se
112 3797 178 3839 esse
193 3775 357 3839 adiuturos
369 3782 480 3858 sperat.
524 3773 571 3836 De
586 3773 713 3836 deorum
730 3771 828 3853 igitur
842 3770 1001 3835 voluntate
1018 3770 1237 3854 cognoscenda,

64 3880 123 3942 hoo
146 3885 192 3939 est
213 3876 251 3939 de
273 3874 467 3939 divinatione
495 3874 598 3957 agitur
630 3882 661 3936 et
690 3893 725 3935 ea
753 3873 791 3936 de
813 3892 904 3935 causa
927 3872 1022 3938 etiam
1048 3869 1235 3952 „benedice“

64 3977 210 4043 adicitur.
256 3977 333 4040 Nam
359 3975 429 4058 quis
452 3984 516 4056 est,
548 3974 623 4058 quin
656 3972 750 4053 sciat,
786 3981 975 4056 quantopere
1006 3972 1038 4034 in
1070 3971 1118 4034 his
1146 3971 1237 4034 rebus

65 4077 162 4144 verba
183 4076 260 4140 mali
283 4064 398 4140 ominis
428 4074 556 4139 vitanda
578 4074 650 4138 sint.
702 4075 789 4137 Hanc
817 4071 1042 4137 divinationem
1066 4070 1237 4136 contemnit

67 4218 82 4223 μ
87 4212 263 4221 “Q-..-

139 4284 164 4352 l)
184 4283 223 4337 Gi.
242 4285 348 4340 Mercat.
368 4299 391 4336 v.
411 4283 436 4336 9.
