3140 5068
840 434 1050 498 ..34-

444 615 510 679 Hoc
533 614 618 692 loco,
650 613 797 698 quoniam
821 613 859 678 de
881 614 1031 702 improbis
1053 615 1143 680 factis
1163 615 1294 698 agimus,
1318 614 1382 679 alia
1402 614 1534 700 Epicuri

360 722 618 779 commemoretur
639 713 812 794 sententis,
840 721 924 798 quae'
946 715 1075 800 insuper
1098 715 1203 800 aliqua
1229 715 1357 800 quidem
1379 737 1420 779 ex
1447 724 1533 800 parte

360 835 431 878 omn
446 835 491 895 ea,
514 835 607 898 quarn
625 814 715 879 modo
736 815 956 898 spectavimus
979 823 1160 880 conexaest.
1205 816 1320 899 Agitur
1335 815 1374 878 de
1391 815 1533 892 homine,

361 913 415 998 qui
437 913 591 998 flagitium
616 914 706 994 lecit,
737 935 797 998 quo
820 915 910 978 modo
932 915 965 978 in
996 924 1112 979 rectam
1139 916 1225 981 viam
1247 915 1346 1001 possit
1375 916 1533 979 recedere.

360 1015 488 1079 Prorsus
512 1036 583 1079 curn
606 1013 848 1078 christianorum
870 1014 983 1100 placito
1004 1015 1233 1080 consentientes
1258 1015 1404 1101 Epicurei
1431 1024 1533 1079 statu-

361 1119 452 1178 erunt
473 1115 654 1199 unicuique,
683 1114 851 1179 dummodo
874 1115 955 1178 male
976 1135 1008 1178 se
1028 1115 1138 1180 fecisse
1159 1113 1367 1179 intellexisset
1388 1115 1534 1179 sceleris-

361 1234 421 1298 que
449 1235 521 1278 eum
552 1214 733 1299 paeniteret,
764 1214 822 1279 hoc
847 1211 1037 1279 maleficium
1059 1213 1177 1296 ignosci
1199 1235 1301 1300 posso3
1336 1215 1534 1300 paenitentia

360 1321 464 1378 antem
484 1335 561 1400 opus
583 1335 659 1395 esse,
681 1335 753 1378 cnm
775 1313 867 1378 aliter
888 1315 980 1378 homo
1004 1314 1136 1398 „corrigi
1158 1336 1218 1379 non
1241 1314 1374 1399 posset.“

446 1415 492 1480 Oi.
522 1415 612 1498 frgm.
644 1416 704 1479 52⁶2
732 1412 864 1496 (Seneca
887 1436 935 1500 ep.
966 1414 1014 1494 28,
1038 1413 1090 1496 9):
1136 1413 1274 1500 Tempus
1308 1421 1351 1478 est
1379 1415 1535 1494 desinere,

361 1513 415 1580 sed
446 1515 477 1578 si
504 1515 602 1599 prius
631 1515 808 1600 portorium
841 1514 969 1580 soloero.
1020 1513 1157 1580 initiam
1188 1522 1235 1580 est
1270 1517 1388 1581 saletis
1417 1520 1535 1583 notitia

361 1616 490 1696 peccati.
534 1613 671 1697 Egregie
692 1615 772 1679 mibi
792 1614 849 1680 lroe
870 1615 988 1680 dixisse
1009 1615 1134 1681 videtur
1153 1611 1324 1698 Epicurus.
1368 1617 1460 1681 Nam
1481 1621 1536 1704 qui

360 1733 490 1796 peccare
511 1727 544 1778 se
566 1715 672 1795 nescit,
695 1715 812 1796 corripi
834 1735 898 1779 oon
919 1715 997 1780 coit:
1019 1715 1238 1798 deprehendas
1255 1722 1422 1802 teoportet‚
1448 1725 1536 1782 cette

362 1831 458 1896 quam
478 1815 635 1879 emendas.

446 1933 486 1996 Et
506 1932 626 1997 ibidem
649 1932 768 2013 (Horat.
791 1953 839 2017 ep.
863 1932 878 1996 I
902 1934 929 2013 1,
950 1929 1019 2012 fil:

570 2033 663 2086 Virtus
682 2039 722 2086 est
740 2033 833 2085 vitium
851 2033 943 2100 fugere
962 2037 988 2084 et
1006 2031 1139 2100 sapientia
1156 2032 1241 2101 prima

570 2119 685 2173 stultitia
703 2119 829 2172 caruisse.

362 2205 453 2272 Haud
483 2228 571 2271 secus
601 2206 636 2270 in
662 2205 828 2271 Aulularia
857 2203 964 2269 fabula
991 2201 1177 2290 Lyconides,
1192 2201 1231 2266 ab
1253 2202 1411 2280 Euclione,
1443 2204 1533 2267 cuius

290 2331 292 2338 ·
362 2306 446 2370 filiae
467 2305 531 2370 vim
554 2306 672 2387 attulit,
695 2306 819 2370 veniam
841 2305 1012 2389 impetrare
1034 2310 1161 2366 conatur
1182 2301 1301 2386 peccati
1322 2325 1351 2368 v.
1371 2305 1434 2369 789
1458 2325 1504 2388 sq.

1086 2400 1157 2453 Audi
1175 2401 1309 2454 nuncium.

468 2488 517 2552 Qui
537 2490 614 2543 homo
633 2489 737 2558 culpam
757 2489 864 2543 admisit
882 2491 910 2542 in
930 2505 967 2556 se,
986 2488 1089 2541 nullust
1106 2492 1159 2540 tam
1181 2489 1254 2556 parvi
1273 2489 1350 2557 preti,

466 2573 550 2637 Quom
569 2576 676 2644 pudeat,
696 2577 761 2645 quin
779 2581 875 2644 purget
893 2592 967 2630 sese:
993 2591 1064 2628 nunc
1083 2580 1109 2628 te
1127 2575 1254 2642 obtestor,
1273 2573 1373 2638 Euclio,

466 2661 510 2728 Ut,
529 2662 616 2730 siquid
637 2678 684 2730 ego
704 2678 767 2730 erga
784 2667 813 2715 te
834 2662 980 2732 inprudens
999 2662 1105 2730 peccavi
1124 2664 1170 2713 aut
1188 2666 1296 2728 gnatam
1315 2666 1397 2725 tuam,

468 2746 503 2799 Ut
521 2747 584 2800 mibi
602 2749 725 2816 ignoscas
744 2765 853 2817 eamque
872 2765 979 2802 uxorem
994 2747 1058 2800 mibi
1075 2746 1130 2814 des,
1148 2751 1179 2798 ut
1196 2745 1268 2814 leges
1284 2747 1392 2798 iubent:

468 2831 523 2902 Ego
541 2851 582 2888 me
600 2835 724 2888 iniuriam
743 2835 838 2889 fecisse
856 2835 928 2888 filiae
947 2835 1031 2887 fateor
1048 2838 1111 2886 tuae

468 2918 570 2974 Cereris
589 2921 687 2989 vigiliis
706 2939 754 2991 per
772 2923 861 2975 vinum
881 2927 960 2990 atque
977 2919 1087 2989 inpulsu
1105 2918 1310 2996 adulescentiae.

447 3008 545 3084 Quem
568 3006 670 3072 locum
695 3009 842 3092 quoniam
864 3009 903 3073 ab
925 3007 1050 3093 Epicuri
1081 3007 1221 3071 doctrina
1243 3006 1397 3088 originem
1419 3006 1530 3069 ducere

365 3104 595 3188 intelleximus,
630 3129 664 3172 eo
696 3109 813 3173 maiore
845 3108 975 3173 audacia
1007 3108 1106 3172 aliurn
1139 3107 1169 3170 ei
1201 3106 1339 3171 tribuere
1370 3106 1529 3180 audemus,

364 3227 553 3290 quamquam
572 3229 608 3272 ex
622 3207 843 3294 Epicureorum
863 3208 989 3292 scriptis
1005 3207 1185 3272 testimonia
1200 3206 1306 3270 ailerri
1323 3228 1384 3270 uon
1403 3215 1528 3290 possunt

364 3314 395 3369 et
417 3305 449 3370 id
472 3327 571 3370 uuum
595 3316 816 3390 argumentum
842 3309 948 3390 adest,
980 3309 1061 3392 quod
1081 3308 1162 3392 apud
1184 3306 1323 3372 Stoicum
1348 3307 1529 3392 scriptorem

364 3425 489 3490 prorsus
519 3407 706 3472 contrariam
734 3409 921 3473 sententiam
959 3407 1148 3473 invenimus
1203 3407 1383 3471 Trinummi
1415 3429 1446 3472 v.
1472 3408 1529 3472 318

365 3504 470 3569 Philto
492 3505 604 3586 lilium,
628 3507 682 3590 qui
704 3530 722 3572 a
745 3507 827 3572 malo
850 3529 882 3572 se
906 3528 1028 3594 semper
1050 3508 1167 3572 cavisse
1189 3505 1339 3589 gloriatus
1361 3514 1409 3570 est
1431 3529 1529 3590 neque

364 3625 515 3689 nmquam
538 3607 620 3690 patri
642 3607 887 3673 sollicitudinem
909 3607 1054 3672 attulisse
1075 3609 1130 3673 sed
1150 3628 1274 3692 semper
1292 3607 1529 3691 obtemperasse,

363 3704 524 3770 admonet:

468 3803 538 3867 Quid
556 3805 700 3874 exprobres
717 3805 783 3859 bene
804 3806 873 3875 qnod
892 3805 1000 3860 fecisti?
1028 3807 1077 3860 tibi
1097 3807 1194 3873 fecisti,
1217 3822 1272 3859 non
1291 3807 1369 3860 milri:

467 3889 534 3944 Mihi
554 3891 658 3960 quidem
679 3897 752 3946 aetas
771 3898 857 3946 actast
874 3894 964 3961 ferme,
982 3897 1028 3947 tua
1046 3894 1116 3947 istuc
1136 3893 1215 3946 refert
1233 3909 1362 3947 maxume.

467 3977 493 4030 ls
512 3977 632 4047 probust,
651 3994 728 4047 quem
748 3981 875 4048 paenitet,
894 3997 972 4049 quum
993 3981 1091 4050 probus
1111 3981 1147 4032 sit
1165 3984 1191 4032 et
1209 3979 1279 4048 frugi
1300 3981 1399 4034 bonae:

468 4061 518 4126 Qui
537 4064 612 4133 ipsus
632 4079 660 4118 se
680 4067 832 4132 contemnit,
851 4067 879 4120 in
896 4071 954 4120 eost
971 4067 1075 4120 indoles
1094 4067 1258 4120 industriae:

468 4149 611 4203 Benefacta
628 4152 773 4206 benefactis
793 4154 852 4206 aliis
872 4154 1011 4223 pertegito,
1030 4171 1064 4208 ne
1083 4155 1234 4223 per-pluant.

363 4242 546 4308 Similitudo
577 4243 671 4309 huius
699 4255 793 4331 atque
815 4249 1027 4314 antecedentis
1057 4249 1118 4315 loci
1148 4271 1183 4315 ea
1205 4249 1285 4314 milri
1307 4248 1432 4314 videtur
1454 4271 1528 4330 esse,
