3140 5068
813 460 1021 524 „36-

331 634 502 720 respondet
515 631 618 716 (Diog.
630 633 662 696 L.
676 633 705 697 X
720 631 809 714 120):
830 633 911 719 τύχχ
932 658 968 698 τε
989 635 1062 716 (τὸν
1083 635 1190 716 σοφύν
1200 632 1375 716 Ἐπικούρῳ
1395 629 1510 712 δοκεῖ)

327 731 578 808 ἀντιτάξεσθαι.
1191 760 1193 766 ·

408 834 502 898 Porro
524 834 664 897 fortunae
687 831 827 895 divinam
850 853 916 896 esso
938 840 1083 898 naturam
1106 834 1239 916 negabat
1261 833 1428 919 Epicurus,

411 934 455 996 Cf.
486 953 535 1017 op.
557 932 604 996 HI
630 931 703 995 134:
736 929 798 1014 τήν
826 930 865 992 dd
892 931 993 1013 τύχην
1024 927 1100 995 ούτε
1127 931 1222 1012 θεόν,
1251 932 1294 1006 dg
1321 932 1352 995 oi
1380 933 1503 996 πολλοὶ

330 1034 514 1113 νομίζουσιν
537 1082 565 1097 ..
580 1082 587 1095 .

412 1133 498 1210 Quod
528 1132 680 1216 placitum
710 1132 928 1216 perstrinxisse
963 1141 1037 1218 puto
1065 1135 1281 1200 Philemonem
1316 1137 1407 1218 frgm.
1446 1137 1506 1200 137

330 1233 430 1316 (Kook
453 1234 484 1297 ΙΙ
505 1255 573 1318 pag.
597 1232 687 1312 520):

586 1327 637 1386 ούκ
656 1330 732 1385 ἔστιν
751 1327 818 1404 ἡμῖν
837 1327 954 1403 ούύεμία
975 1329 1041 1404 τύχη
1061 1329 1137 1399 θεός,

587 1421 637 1474 οὐκ
655 1419 739 1484 ἔστιν,
759 1412 830 1472 date
851 1412 1036 1491 ταύτύματον,
1054 1415 1069 1473 ii
1087 1421 1207 1490 γίνεται,

587 1502 624 1569 ὥς
642 1507 714 1580 ἔοιχ’
734 1501 846 1579 ἑκύστῳ,
864 1504 1107 1580 προσαγορεύεται
1126 1506 1202 1580 τύχη.

333 1597 453 1674 Quibus
475 1597 509 1662 in
530 1597 673 1662 versibus
692 1597 749 1661 hoo
770 1617 892 1680 quoque
915 1597 1071 1681 respicias,
1094 1597 1176 1682 quod
1197 1597 1325 1683 Epicuri
1343 1601 1508 1664 sententia

329 1698 437 1763 omnia
457 1719 513 1762 sna
534 1705 643 1782 sponte
658 1698 754 1764 diunt.

416 1798 461 1863 of.
481 1800 571 1881 irgm.
594 1799 655 1863 359
671 1796 879 1888 (Hippolytus
900 1794 1073 1880 philosoph.
1092 1797 1142 1879 22,
1159 1796 1179 1861 3
1200 1819 1229 1883 p.
1249 1801 1320 1884 572,
1339 1804 1357 1866 5
1380 1804 1507 1888 Diels):

333 1947 362 1962 ..
384 1895 498 1962 πάντα
518 1897 754 1978 αύτοματισμῷ
777 1898 942 1976 γίνεσθαι.
1157 1935 1161 1942 ,

416 1998 475 2064 Sed
503 1999 619 2076 iterum
650 1999 688 2063 ad
721 2019 829 2063 versus
861 1995 1040 2060 Trinummi
1073 2005 1275 2064 revertamur.
1332 2004 1506 2090 Postquam

307 2148 312 2158 .
335 2107 422 2182 pater
444 2098 618 2184 sapientem
640 2099 745 2182 ipsum
765 2097 825 2162 sibi
849 2098 965 2179 fingere
988 2098 1145 2162 fortunam
1167 2098 1258 2181 dixit,

346 2259 349 2264 ,
368 2203 466 2271 Multa,
493 2199 598 2284 inquit
619 2199 712 2277 filius,
741 2204 781 2257 illi
799 2220 880 2273 opera
900 2208 980 2272 opust
998 2204 1123 2268 flemme,
1141 2206 1187 2274 qui
1206 2205 1370 2261 sedatorem
1390 2213 1506 2279 probum

369 2298 446 2351 Vitae
465 2299 586 2367 agundae
603 2315 661 2352 esse
680 2300 797 2368 expetit:
826 2299 871 2352 sed
891 2297 1031 2352 admodum
1052 2297 1289 2352 adulescentulust.

336 2386 421 2462 Quod
443 2393 536 2469 negat
556 2386 677 2452 Philto:

473 2486 533 2540 Non
551 2491 646 2554 aetate,
665 2503 755 2539 verum
774 2486 881 2554 iugenio
902 2487 1031 2555 apiscitur
1050 2487 1189 2555 sapientia.

474 2573 594 2641 Sapienti
613 2578 686 2627 aetas
706 2572 912 2637 condimentum,
932 2575 1039 2642 sapiens
1058 2573 1139 2626 aetati
1158 2573 1253 2626 cibust.
1265 2571 1285 2639 ¹)

336 2659 386 2724 Ad
408 2659 581 2745 sapientem
602 2662 758 2725 fortunam
776 2659 822 2723 nil
842 2659 995 2744 portinere
1007 2659 1177 2744 Epicurum
1192 2659 1333 2724 docuisse
1355 2663 1505 2744 quoniam

336 2759 485 2838 vidimus,
512 2761 569 2824 hoo
585 2781 721 2845 qunque:
744 2760 886 2825 homines
909 2758 1096 2844 sapientiam
1110 2779 1172 2822 non
1186 2765 1287 2823 aetate
1307 2760 1360 2824 sed
1380 2761 1507 2844 ingenio

335 2859 508 2944 acquirere,
542 2860 598 2925 illo
629 2883 667 2924 ex
695 2862 779 2926 fonte
801 2861 927 2924 fluxisse
958 2858 1096 2923 conicere
1119 2861 1247 2922 fortasse
1269 2858 1351 2924 licet.
1397 2862 1506 2946 Neque

336 2960 449 3024 desunt
473 2975 665 3041 argumenta.
719 2960 787 3024 Etsi
811 2959 897 3024 enim
927 2981 988 3023 non
1012 2979 1120 3024 omnes
1143 2958 1284 3023 homines
1305 2960 1412 3025 idonei
1431 2971 1506 3025 suut

336 3058 391 3143 qui
411 3059 599 3145 sapientiam
619 3060 832 3145 adipiscantur
856 3095 894 3103 -
918 3061 955 3124 ci.
981 3060 1070 3141 irgm.
1092 3059 1153 3122 226
1173 3056 1278 3142 (Diog.
1297 3060 1330 3123 L.
1352 3060 1398 3124 IX
1413 3059 1504 3140 117):

337 3157 414 3221 ούύὲ
435 3158 501 3244 μὴν
522 3159 558 3222 ἐκ
579 3156 690 3241 πάσης
709 3155 861 3240 σώματος
882 3159 976 3234 ἕξεως
998 3157 1106 3240 σοφύν
1127 3163 1284 3237 γενέσθαι
1306 3155 1350 3221 ἄν
1379 3158 1449 3224 ούδ’
1471 3161 1506 3223 ἐν

337 3258 438 3321 παντὶ
461 3260 554 3323 ἔθνει
575 3259 683 3342 (δοκεῖ
700 3255 892 3341 Ἐπικούρῳ)
906 3295 940 3306 -
960 3268 1065 3324 tamen
1087 3281 1204 3340 omnes,
1226 3280 1358 3342 quorum
1381 3259 1505 3343 ingenia

337 3360 402 3424 sint
422 3360 542 3442 idonea,
565 3360 721 3445 sapientes
741 3360 809 3424 fieri
826 3381 915 3444 posse
934 3359 998 3423 iam
1020 3381 1059 3424 ex
1076 3361 1133 3426 hoc
1155 3363 1328 3442 fragmento
1344 3360 1502 3424 discimus.

337 3460 423 3536 Quod
444 3466 480 3524 ut
502 3481 536 3525 eo
559 3459 659 3542 magis
681 3460 852 3541 credamus,
875 3459 1040 3524 audiamus
1062 3461 1270 3526 Lactantium.

418 3560 463 3624 Cf.
493 3562 583 3642 frgm.
605 3561 664 3623 227
695 3559 849 3640 (Lactant.
880 3559 977 3623 divin.
1009 3559 1082 3624 inst.
1112 3561 1159 3625 111
1189 3562 1237 3638 25,
1256 3559 1305 3638 4);
1344 3559 1428 3638 Quid
1461 3565 1503 3623 est

337 3658 428 3722 aliud
449 3658 628 3723 hominibus
640 3680 757 3743 aepore
771 3660 971 3743 sapientium,
994 3680 1089 3744 quom
1103 3660 1256 3723 mentibus
1275 3680 1381 3723 eorum
1398 3680 1503 3724 verum

337 3780 374 3824 σο
395 3760 539 3822 divinum
561 3759 665 3822 lumea
686 3757 839 3837 auferre?
885 3759 975 3838 Quod
995 3761 1160 3824 cinctura
1175 3759 1312 3824 dominis
1332 3761 1503 3845 sapientiae

336 3879 439 3940 copae·
471 3865 530 3935 est,
564 3861 703 3944 oportuit
738 3858 861 3940 opifices
892 3865 920 3923 et
949 3861 1082 3924 audiena
1112 3866 1139 3922 et
1166 3861 1314 3924 mulieres
1344 3867 1372 3925 et
1400 3879 1503 3925 omnes

337 3958 482 4038 denique,
512 3959 567 4043 poi
595 3959 767 4024 Ιιιιιιιοιαιιιι
789 3958 929 4040 formam
955 3966 1087 4040 peram,
1117 3961 1222 4024 doceri
1242 3967 1277 4024 at
1299 3962 1430 4044 sopiant
1448 3981 1504 4044 po-

332 4059 502 4144 pulumque
523 4060 704 4144 sapientam
726 4079 769 4122 ex
790 4059 900 4123 οιιιιιιΙ
929 4059 1042 4141 linquo
1071 4067 1099 4125 et
1120 4061 1303 4126 condicione
1325 4067 1452 4124 etsexta
1475 4067 1505 4125 ιι

408 4289 434 4355 l)
454 4287 531 4341 Hunc
549 4288 636 4343 locum
656 4290 766 4343 comiter
786 4293 850 4344 mihi
867 4293 996 4346 indicavit
1014 4293 1124 4346 Birtius.
