3140 5068
193 567 198 618 p
588 487 793 554 -tiss

96 666 171 731 hier
194 646 314 732 alsbald
344 668 404 733 den
436 669 576 734 heiteren
598 670 706 735 Jonier
727 694 784 737 aus
806 671 893 737 einer
922 672 1099 740 bliihendeu
1123 673 1273 742 Handels·

96 767 186 830 stadt
207 787 248 830 an
271 767 470 831 Kleiuasiens
493 769 623 854 iippiger
646 771 755 850 Kiiste,
779 771 837 835 wie
861 770 954 837 schou
980 773 1186 840 Mimnermus
1209 777 1273 840 und

96 867 264 932 Anacreon
289 866 344 930 ihu
367 887 426 931 uus
448 867 571 932 deuleu
593 869 704 934 lassen.
749 871 820 935 Wir
836 872 993 937 erlrennen
1015 874 1090 938 aber
1110 875 1191 938 anch
1213 875 1275 940 den

99 964 450 1048 wohlabgeschliliencu
472 967 684 1033 Athenienser
706 971 761 1034 der
781 977 924 1055 spitereu
941 972 1019 1054 Zeit,
1042 973 1097 1038 der
1118 973 1177 1039 mit
1201 975 1272 1040 dem

95 1062 189 1126 icida
218 1060 341 1145 βιώσας
370 1065 504 1150 Epikurs
528 1089 582 1133 vor
601 1071 711 1151 Augen
735 1069 790 1134 der
813 1091 872 1135 von
906 1072 1024 1136 diesem
1054 1074 1272 1159 empfohlenen

96 1165 266 1244 ἀταραξία
300 1165 480 1229 nachstrcbt
511 1167 574 1230 und
609 1169 797 1250 wenigstens
829 1170 891 1234 alle
923 1171 1099 1237 sinulichen
1134 1173 1273 1240 (lenisse

96 1267 188 1330 einer
220 1266 437 1349 augeuehrnen
460 1266 607 1344 Existenz
638 1268 699 1331 mit
724 1269 929 1335 railiniertem
949 1270 1088 1336 Bedacbt
1109 1273 1271 1338 hinunter·

96 1367 262 1430 sehliirlen
283 1366 367 1446 will3
390 1401 426 1410 -
447 1367 547 1430 lauter
568 1368 669 1450 Ziigc,
693 1369 744 1433 die
764 1369 935 1434 wiederum
957 1372 1017 1434 mit
1037 1371 1274 1440 Bestimmtheit

95 1467 157 1529 aui
173 1465 264 1530 einen
285 1466 441 1532 attisohen
463 1466 592 1531 Dichter
616 1467 821 1533 hinweiseu.“

185 1566 224 1629 Et
246 1565 321 1630 haec
344 1565 472 1650 quidem
487 1567 625 1632 virorum
642 1568 802 1639 doctorum
821 1570 859 1634 de
876 1569 1128 1654 Periplecomeno
1144 1570 1271 1636 iudicia.

97 1667 220 1731 Eodem
245 1675 351 1731 autem
374 1667 465 1732 modo
494 1690 555 1752 quo
576 1669 743 1734 Lorcnzius
766 1691 821 1734 nos
844 1690 964 1754 quoque
987 1670 1081 1734 huius
1102 1670 1271 1753 singularis

95 1767 185 1832 senis
224 1769 405 1853 exemplum
438 1770 520 1854 apud
556 1770 755 1856 philosophos
789 1768 1002 1852 quaesivimus
1035 1777 1067 1834 et
1100 1771 1182 1836 sicut
1215 1770 1271 1834 ille

95 1889 207 1932 senem
234 1867 341 1952 aliqua
371 1869 500 1953 quidem
529 1891 567 1933 ex
598 1878 683 1954 parte
705 1869 835 1954 Epicuri
857 1869 1049 1954 discipulum
1070 1869 1198 1952 statuit,
1226 1871 1272 1934 ita

96 1989 156 2032 nos
178 1967 378 2053 Aristippum
408 1976 462 2032 aut
492 1968 677 2050 magistrum
706 1976 760 2032 aut
792 1968 971 2052 exemplum
993 1969 1061 2034 cius
1083 1968 1179 2035 fuisse
1201 1991 1271 2054 pro-

98 2069 174 2132 bare
190 2067 372 2132 conabimur
385 2076 510 2133 auctore
522 2068 631 2148 Birtio,
655 2068 710 2152 qni
725 2068 788 2131 iam
810 2067 931 2153 pridem
954 2069 988 2133 in
1004 2068 1118 2134 scholis
1139 2070 1271 2135 eandem

95 2169 137 2232 de
160 2167 323 2253 Aristippo
353 2167 563 2253 suspicionem
592 2168 776 2233 sustinebat.
819 2169 858 2232 Et
880 2170 1029 2255 prolecto,
1060 2155 1221 2235 hominem
1242 2171 1270 2235 ei

95 2267 268 2352 depingere
290 2267 415 2332 volebat
445 2275 534 2352 poeta
546 2267 681 2332 Graecus
703 2268 788 2332 vitae
803 2270 952 2334 fruendae
975 2269 1161 2351 studiosum,
1184 2270 1269 2354 quis·

96 2389 173 2432 nam
205 2367 303 2450 magis
333 2367 569 2447 erat'idoneus,
598 2388 693 2451 quem
717 2367 909 2450 imitaretur,
943 2391 1036 2454 quam
1067 2370 1269 2456 philosophus

94 2466 314 2552 Cyrenaicus?
358 2466 419 2532 Sed
449 2467 612 2531 mittamus
635 2468 669 2531 in
693 2468 876 2533 universum
898 2470 955 2534 hac
977 2470 1015 2534 de
1038 2475 1070 2534 re
1092 2470 1198 2554 loqui,
1228 2469 1267 2535 ad

95 2567 225 2651 singula
245 2569 349 2652 potius
370 2575 565 2632 transeamus
586 2576 689 2652 atque,
714 2568 828 2652 quibus
851 2569 884 2633 in
906 2571 998 2634 rebus
1016 2591 1088 2635 cum
1106 2569 1268 2656 Aristippo

94 2667 273 2733 consentiat
294 2667 584 2752 Periplecomenus,
614 2667 785 2733 videamus.

183 2767 248 2830 lam
273 2767 354 2850 quod
381 2766 419 2830 ad
443 2766 556 2830 faciem
575 2767 706 2849 attinet,
741 2767 985 2834 similitudinem
1011 2771 1173 2854 ,quandam
1201 2789 1268 2834 esee

94 2869 182 2932 inter
203 2865 403 2952 Aristippum
435 2873 466 2930 ct
489 2866 780 2952 Periplecomeuum
810 2869 996 2952 contendere
1027 2870 1109 2934 licet.
1154 2870 1269 2947 Quam·

95 2989 194 3053 quam
224 2966 308 3031 enim
338 2967 376 3030 de
406 2967 494 3030 illius
524 2970 624 3032 forma
640 2968 691 3031 'ab
719 2967 860 3051 antiquis
889 2969 1092 3052 scriptoribus
1114 2969 1268 3056 expressis

94 3069 206 3132 verbis
231 3067 312 3131 nihil
327 3076 375 3130 est
393 3067 544 3131 traditum
559 3067 672 3131 -nisi
688 3067 769 3152 quod
791 3069 830 3131 ab
843 3068 975 3133 Alexide
991 3070 1108 3134 comico
1124 3071 1214 3152 lrgm.
1226 3069 1268 3133 36

94 3167 282 3252 Aristippus
304 3169 464 3248 σοφιστής
486 3164 609 3248 εὐφυής
630 3167 824 3247 nominatur,
847 3169 928 3253 quod
951 3168 1058 3252 aliqua
1078 3166 1206 3252 quidem
1229 3188 1268 3232 ex

94 3275 197 3354 parte,
219 3266 378 3351 imprimis
400 3263 523 3351 εὐφυής
544 3267 687 3332 vocabuli
711 3289 789 3352 quae
811 3269 853 3332 sit
874 3268 932 3347 vis,
948 3268 1150 3353 respicientes
1171 3266 1267 3332 etiam

94 3368 134 3432 ad
158 3367 297 3452 corporis
317 3366 460 3431 habitum
485 3371 599 3432 reierre
618 3388 784 3453 possumus
796 3405 836 3413 —
853 3377 993 3434 attamen
1008 3367 1165 3448 omnibus,
1189 3387 1268 3451 quae

95 3469 134 3533 de
157 3489 194 3532 eo
216 3467 398 3546 traduntur,
430 3468 591 3553 perpensis
618 3468 702 3532 omni
726 3489 765 3532 ex
790 3476 875 3552 parte
904 3467 1065 3533 hominem
1088 3471 1266 3546 formosum,

94 3567 251 3649 validum,
284 3588 395 3632 sanum
428 3567 613 3650 cogitatione
646 3567 736 3632 nobis
774 3568 988 3633 formabimus.
1041 3566 1130 3632 Idem
1161 3573 1267 3644 autem

95 3670 195 3734 etiam
217 3667 504 3753 PeriplecomenuS,
528 3668 587 3732 etsi
618 3689 715 3733 annos
736 3668 800 3732 iam
823 3667 1051 3752 quinquaginta
1068 3675 1100 3730 et
1122 3674 1268 3751 quattuor

96 3768 277 3849 natusest,
306 3768 345 3831 de
372 3789 405 3832 se
435 3768 601 3850 gloriatur,
630 3777 665 3832 ut
686 3769 737 3834 hic
767 3789 889 3853 quoque
917 3769 966 3833 vir
986 3768 1129 3852 pulcher,
1157 3767 1267 3831 firmus

97 3870 267 3953 valensque
288 3867 377 3932 nobis
400 3869 563 3951 lingendus
584 3869 637 3933 eit,

181 3969 227 4032 Oi.
250 3989 280 4032 v.
304 3969 481 4034 cai-630:

132 4067 202 4130 Quid
221 4069 261 4121 ais
280 4067 330 4120 tul
355 4072 408 4121 tam
427 4069 476 4122 tibi
495 4084 544 4136 ego
563 4069 654 4122 videor
672 4069 770 4138 oppido
790 4067 1004 4124 Acherrmticusl

132 4155 197 4208 Tam
216 4155 370 4224 capularis?
394 4159 483 4208 tamne
501 4155 551 4208 tibi
570 4155 617 4208 diu
635 4156 725 4210 rideor
744 4157 823 4210 ritem
845 4154 952 4210 vivere?

133 4243 200 4297 Nam
219 4244 341 4312 equidem
360 4243 431 4296 haud
450 4259 509 4296 sum
527 4247 606 4296 natus
626 4260 710 4297 annos
729 4248 834 4312 praeter
853 4241 1046 4312 quinquaginta
1065 4241 1250 4307 etquattuor:

134 4330 210 4384 Olare
230 4329 314 4384 oeulis
334 4328 419 4396 rideo,
438 4331 533 4402 pernix
551 4345 609 4382 sum
629 4331 751 4399 pedibus,
770 4331 891 4384 manibus
910 4327 1024 4382 mobilis.

960 4419 1101 4477 fb*
