3140 5068
541 430 748 492 ..51-

255 605 372 676 Cumque
391 622 422 658 eo
441 609 529 660 reveni
550 624 580 661 cx
599 608 738 662 inimicitia
756 609 785 662 in
802 611 923 676 gratiam.

253 692 355 756 Videte,
374 709 480 760 quaeso,
499 694 561 763 quid
583 698 671 763 potest
689 697 811 764 pecunia.

252 777 380 841 Quoniam
400 781 467 833 bene
487 785 608 849 gestare
627 781 728 834 redisse
747 799 787 836 me
806 783 878 836 videt

250 863 416 935 Magnasque
435 867 617 936 adportavisse
636 868 742 925 divitias
762 870 877 936 domum,

250 952 312 1005 Sine
332 953 467 1007 advocatis
485 954 583 1006 ibidem
603 955 631 1006 iu
651 970 759 1008 cercuro
778 957 807 1009 in
825 962 901 1025 stega

250 1039 279 1092 ln
299 1041 441 1094 amicitiam
461 1045 540 1110 atque
556 1041 584 1093 in
604 1042 715 1108 gratiam
735 1043 922 1096 convertimus.

51 1146 140 1221 Quae
162 1164 233 1208 cum
256 1143 294 1208 de
317 1166 389 1208 vera
410 1143 551 1209 amicitia
569 1143 778 1209 iudicaverint
790 1144 999 1231 Peripatetici,
1023 1166 1083 1210 non
1103 1146 1221 1211 mirum

50 1253 111 1322 est,
134 1244 215 1328 quod
239 1265 277 1307 ue
300 1253 416 1308 temere
441 1244 680 1308 conciliarentur
699 1244 793 1308 amici
818 1245 993 1310 monebant.
1036 1246 1222 1310 Amicitiam

49 1343 138 1406 enim
173 1365 242 1407 cum
277 1343 402 1408 homine
435 1351 503 1407 tum
536 1343 662 1408 demum
696 1344 875 1409 contrahere
907 1345 997 1409 nobis
1026 1343 1119 1424 licet,
1153 1367 1225 1410 cum

49 1443 200 1507 omnibus
235 1464 271 1506 ex
305 1443 445 1528 partibus
477 1443 545 1506 cius
577 1443 722 1507 animum
757 1444 982 1530 perspeximus
1035 1445 1140 1530 Atque
1170 1445 1226 1510 hoc

50 1540 221 1626 discipulis
241 1541 453 1606 inculcaturus
475 1542 661 1608 Aristoteles
685 1543 875 1628 proverbiali
899 1542 1054 1608 locutione
1084 1544 1226 1610 adhibita

50 1641 137 1705 dixit
159 1663 218 1707 non
240 1651 313 1707 ante
335 1643 490 1708 amicitias
509 1664 575 1707 esse
603 1643 765 1724 ineundas,
798 1665 893 1728 quam
916 1643 1010 1708 multi
1029 1644 1127 1708 modii
1150 1645 1225 1710 salis

51 1745 93 1808 ab
118 1753 249 1828 utroque
272 1744 368 1808 simul
391 1744 505 1809 comesi
526 1744 599 1808 sint.

136 1860 181 1923 Cl-
213 1860 281 1924 Eth.
312 1860 380 1926 Nic.
411 1862 487 1925 Vlll
518 1861 546 1937 3,
569 1863 605 1927 8:
640 1861 686 1922 ἔτι
720 1858 758 1920 di
791 1858 987 1938 epactetum
1019 1857 1138 1940 χρόνον
1170 1861 1224 1924 καί

50 1964 244 2041 συνηθείας.
276 1961 361 2023 nand
385 1961 445 2042 aria
461 1967 641 2041 παροιμίαν
657 1961 718 2042 γάρ
736 1959 793 2021 οὐκ
811 1959 902 2021 ἔστιν
916 1956 1047 2042 είδῆσαι
1067 1958 1225 2043 ἀλλήλους

49 2061 133 2141 πρὶν
154 2061 228 2133 τούς
249 2060 437 2142 λεγομένους
454 2057 537 2134 ἅλας
554 2059 795 2124 συναναλαῖσοιι.
840 2058 909 2121 orid’
923 2057 1161 2133 ἀποδέξασθαι
1181 2060 1224 2144 dri

48 2157 213 2240 πρότερον
243 2160 312 2223 orid'
342 2151 426 2222 εἶναι
455 2159 584 2242 φίλους,
616 2160 694 2242 πρὶν
721 2158 764 2222 ἀν
793 2155 944 2238 ἑκάτερος
974 2158 1115 2241 ἑκατέρῳ
1137 2163 1225 2246 φανῇ

48 2260 182 2343 φιλητὸς
203 2260 258 2323 καὶ
281 2264 457 2344 πιστευθῇ.
502 2259 532 2323 οῖ
554 2261 592 2324 δὲ
613 2269 736 2342 ταχέως
756 2261 799 2322 aa*
828 2259 938 2343 φιλικά
961 2261 1044 2341 πρὸς
1065 2261 1223 2346 ἀλλήλους

48 2364 220 2434 ποιοῦντες
246 2361 420 2443 βούλονται
447 2365 509 2442 μὲν
538 2361 625 2446 φίλοι
657 2352 759 2439 εἶναι,
789 2359 847 2424 eain
876 2357 940 2424 εἶσὶ
963 2360 1014 2439 δέ,
1049 2360 1080 2424 εἰ
1099 2362 1144 2446 μή
1167 2362 1222 2424 καὶ

49 2461 190 2544 φιλητοί,
212 2463 266 2524 καὶ
289 2462 376 2526 τοῦτ’
398 2462 519 2527 ἴσασιν.

133 2580 219 2657 Quod
235 2578 383 2664 repetivit
395 2580 553 2644 Eudemus
565 2579 626 2643 Vll
638 2583 667 2658 2,
679 2581 736 2643 46:
759 2577 798 2643 οά
817 2574 878 2660 γάρ
900 2578 991 2642 ἐστιν
1007 2571 1088 2640 ἄνευ
1107 2575 1222 2656 πείρας

47 2680 126 2742 aridi
148 2684 223 2760 μιάς
244 2679 364 2765 ἡμέρας
385 2678 403 2740 d
427 2678 528 2761 atta,
550 2679 635 2743 ἀλλά
652 2678 772 2759 χρόνου
793 2679 854 2742 δεῖ.
898 2679 950 2742 did
974 2678 1019 2751 είς
1041 2681 1221 2757 παροιμίαι·

47 2780 210 2863 ἐλήλυθεν
231 2779 249 2842 o‘
271 2779 425 2860 μέδιμνος
446 2783 511 2840 τῶν
532 2779 630 2844 ἀλῶν.

131 2897 245 2962 Eodem
269 2897 433 2981 proverbio
454 2897 703 2982 Theophrastum
726 2918 849 2982 quoquc
870 2918 960 2961 usum
983 2895 1078 2960 luisse
1096 2893 1218 2957 Plutar-

48 2998 126 3062 chus
149 2997 238 3062 docet
260 3019 331 3062 cum
354 2997 501 3063 Cicerone
524 2998 730 3063 consentiens.

131 3113 176 3177 Cf.
200 3113 280 3177 Plut.
305 3115 334 3178 d.
358 3114 394 3177 fr.
423 3136 451 3178 a.
472 3115 508 3179 8:
540 3112 615 3189 τούς
641 3118 703 3195 μὲν
732 3113 793 3194 γάρ
821 3111 1026 3192 ἀλλοτρίους,
1058 3107 1100 3182 οῖς
1130 3109 1217 3191 ἔλεγε

48 3212 277 3294 Θεόφραστος,
308 3212 347 3277 ου’
378 3214 535 3295 φιλοῦντα
564 3215 620 3276 δεῖ
644 3218 764 3294 κρίνειν
793 3211 878 3276 ἀλλά
911 3215 1067 3293 κρίναντα
1100 3207 1216 3291 φιλεῖν.

48 3309 134 3375 ὅπου
154 3312 196 3398 δὴ
216 3311 237 3397 ἡ
258 3311 355 3395 φύσις
375 3314 550 3398 ἡγεμονίαν
571 3318 610 3397 τῇ
629 3317 734 3394 κρίσει
756 3312 838 3392 πρός
867 3306 996 3375 εὔνοιαν
1017 3307 1056 3373 ου’
1081 3309 1217 3372 δίδωσιν

49 3413 125 3476 οὐδὲ
147 3414 304 3494 ἀναμένει
323 3414 382 3476 τόν
396 3409 622 3495 θρυλούμενον
644 3417 709 3475 τῶν
731 3411 821 3476 ἀλῶν
841 3411 1009 3494 μέδιμνον,
1031 3407 1118 3472 ἀλλά
1144 3427 1216 3488 συγ·

48 3521 191 3596 perennare
212 3513 273 3593 τὴν
294 3513 398 3597 ἀρχὴν
419 3516 475 3597 τῆς
503 3513 627 3596 φιλίας,
659 3515 810 3577 ἐνταῦθα
831 3512 887 3575 δεῖ
904 3513 950 3596 μή
977 3509 1112 3592 πικροιλς
1133 3499 1217 3570 εἶναι

48 3613 130 3695 μηδὲ
150 3612 294 3694 ἀκριβεῖς
314 3615 381 3675 τῶν
404 3610 651 3695 ἁμαρτημάτων·
672 3611 861 3688 ἐξεταστάς.

129 3730 167 3794 Et
190 3729 252 3794 Cic.
265 3731 347 3795 Lael.
361 3732 421 3796 67:
443 3730 581 3794 Exsistit
603 3736 707 3794 antem
728 3728 783 3793 hac
805 3732 869 3794 ioca
896 3727 1053 3810 quaedam
1074 3725 1214 3810 quaestio

48 3829 259 3913 subdifficilis,
288 3851 365 3895 nam
386 3831 512 3918 quando
536 3832 632 3894 amici
653 3831 736 3907 noui,
768 3830 859 3912 aliani
879 3827 1030 3909 amicitia,
1060 3825 1215 3891 veteribus

47 3932 109 3993 sint
132 3931 359 4014 anteponendi,
392 3938 426 3993 at
455 3933 541 4012 equis
570 3931 682 3995 vetatis
711 3937 830 3994 teneros
851 3935 1040 4014 anteponere
1061 3927 1213 3990 solemus:

47 4031 180 4112 indiqna
201 4029 326 4095 homine
347 4031 522 4096 dubitatio!
559 4031 633 4096 Non
656 4032 738 4096 enim
766 4030 874 4096 delient
898 4048 962 4093 esse
986 4028 1211 4102 amicitiarum,

48 4130 123 4194 sicat
144 4131 286 4196 aliarum
307 4151 415 4196 reram
436 4133 612 4196 satietates:
639 4132 805 4196 ueterrima
827 4149 982 4216 quaeque,
1012 4134 1047 4192 at
1069 4147 1105 4191 ea
1126 4126 1212 4200 aina,

49 4249 122 4311 puae
144 4235 325 4295 vetustatem
344 4229 470 4313 serant,
501 4251 565 4296 esse
587 4232 671 4296 dehet
700 4232 909 4308 arianissimo,
939 4248 1107 4309 aerumque
1131 4225 1212 4290 iliad

1019 4351 1059 4406 4*
