3140 5068
564 489 766 552 ..61-

154 667 196 732 Et
218 666 336 732 ibidem
360 670 408 748 ll,
421 669 456 734 6:
478 663 560 732 ἰέναι
581 666 611 729 δ’
631 663 801 732 α’νόπαλιν
823 665 901 741 ἴσως
918 664 1054 750 ιλρμόζει
1075 666 1157 750 πρύς
1177 672 1240 750 μὲν

55 768 142 841 τούς
173 767 375 847 ἀτυχοῦντας
394 761 535 850 ἄκλητον
555 767 609 830 καὶ
632 763 814 848 προθύμως
833 767 946 851 (φίλου
962 769 1026 849 γιίρ
1059 757 1098 833 εύ
1119 772 1237 849 ποιεῖν,

56 867 121 929 καὶ
145 864 294 948 μάλιστα
316 867 391 942 τούς
413 867 449 930 ἕν
468 871 562 951 χρείᾳ
582 866 637 929 καὶ
651 864 689 930 τύ
710 867 757 950 μή
770 864 985 943 οἷξιιόσαντοις.
1028 868 1156 952 α’μφοίυ
1176 870 1238 950 γοῒρ

56 963 201 1030 κάλλιον
221 966 278 1029 καὶ
297 963 416 1049 ἥδιον),
449 965 494 1040 εἰς
515 965 553 1030 δὲ
573 965 634 1042 ταῖς
663 966 813 1047 εὐτυχίας
836 970 1053 1048 συνεργοῦντα
1074 972 1137 1049 μὲν
1157 992 1237 1050 προ-

58 1066 186 1147 ἐλύμους
213 1065 280 1149 (καὶ
308 1067 369 1149 γάρ
398 1064 442 1141 εἰς
471 1070 578 1130 ταῦτα
602 1071 696 1150 χρεία
727 1067 860 1150 φίλιον),
886 1067 969 1148 πρός
987 1068 1176 1134 εύπόθειαυ
1198 1069 1237 1134 δὲ

59 1165 238 1247 σχολαίως.
1090 1185 1094 1192 ’

154 1284 218 1348 Νοο
238 1305 298 1348 non
314 1283 464 1368 praebent
487 1283 566 1348 hano
588 1284 761 1350 doctrinam
784 1293 892 1372 poetae
909 1285 1029 1351 oomioi.

154 1383 320 1448 Philemon
341 1384 452 1448 scribit
473 1385 564 1468 frgm.
590 1385 648 1450 108
671 1383 771 1467 (Koolr
795 1387 826 1450 Il
847 1408 916 1472 pag.
938 1383 1033 1466 513):

282 1500 308 1551 τί
325 1494 388 1552 ποτ’
405 1496 481 1553 ε’στίν
498 1486 552 1572 ύρα
571 1497 644 1553 διότι
662 1498 792 1569 βούλεταί
807 1496 839 1573 μ’
857 1500 944 1564 idaim

284 1581 300 1658 ἢ
320 1583 454 1659 καθάπερ
474 1579 501 1639 ὀί
518 1585 667 1647 νοσούντες
685 1584 838 1656 ιῖλγούντες
856 1585 971 1661 σφόδρα,

283 1669 331 1728 τὸν
348 1668 446 1748 ἰατρόν
464 1668 500 1726 ιῗν
517 1673 620 1740 ἴδωσιν,
639 1675 689 1727 οὐκ
708 1669 821 1744 όλγούσ’
840 1673 891 1740 ἔτι,

284 1755 376 1825 ούτως,
396 1757 466 1814 ἐπάν
485 1778 528 1820 τις
547 1761 669 1835 τυγχάνῃ
687 1754 869 1832 λυπούμενος,

286 1833 371 1920 ἧττον
389 1842 532 1913 όδυνιῖται,
551 1847 633 1915 φίλον
648 1842 700 1901 ἐὰν
716 1845 831 1920 παρόντ’
849 1848 909 1924 ἴδῃς

66 1954 113 2018 Et
136 1952 306 2016 Menander
327 1954 418 2036 frgm.
441 1952 502 2016 814
524 1949 625 2033 (ΚοοΙι
647 1952 694 2016 ΙΙΙ
717 1974 785 2037 pag.
809 1951 902 2032 aab:

286 2044 336 2121 ἡδύ
353 2069 388 2119 γε
407 2050 488 2117 φίλου
508 2049 589 2120 λόγος
607 2046 664 2103 ἐστὶ
683 2057 741 2111 τοῖς
758 2049 953 2124 λυπουμένοις.

68 2157 164 2221 ldern
189 2159 278 2238 lrgm.
301 2158 360 2221 591
384 2154 484 2236 (Koelr
507 2155 555 2219 lll
579 2177 645 2240 pag.
672 2154 760 2236 179):

286 2271 324 2344 τῷ
338 2271 394 2344 μὲν
412 2269 443 2327 τὸ
463 2272 539 2346 σῶμα
558 2271 766 2344 διατεθειμένον
785 2269 877 2331 κακοῖς

280 2360 363 2430 χρεία
380 2354 431 2411 ’στ’
445 2357 551 2432 ἰατροῦ,
572 2358 608 2431 τῷ
625 2357 655 2412 δὲ
673 2353 725 2429 τὴν
744 2353 839 2430 ψυχὴν
857 2358 947 2426 φίλου·

285 2441 376 2516 λύπην
393 2440 448 2518 γὰρ
468 2442 567 2505 εύνους
586 2441 643 2499 οἶδε
662 2443 839 2517 θεραπεύειν
857 2441 946 2514 λόγος.

69 2550 121 2614 Ne
153 2549 235 2634 apud
256 2548 402 2614 Plautum
434 2550 563 2636 quidem
593 2551 708 2615 frustra
738 2548 856 2614 similia
883 2547 1071 2632 quaerimus,
1120 2549 1241 2634 Captiv.

69 2672 104 2714 v.
138 2649 196 2712 139
226 2669 271 2734 sq.
325 2649 485 2733 Ergasilus
525 2650 680 2736 parasitus
712 2648 861 2732 Hegionis
895 2648 998 2713 lilium
1036 2648 1177 2734 deplorat
1212 2655 1243 2712 et

73 2748 214 2831 Hegioni
236 2749 456 2833 interroganti:

216 2864 327 2919 Alienus
345 2883 423 2936 quom
443 2869 500 2921 eius
518 2867 714 2921 incommodum
733 2872 787 2920 tem
807 2883 884 2935 aegre
902 2866 982 2933 ferae,

217 2951 285 3014 Quid
305 2968 345 3005 me
364 2958 465 3032 patrem
485 2970 533 3022 par
551 2953 673 3020 lacerest,
692 2954 754 3022 quoi
770 2953 842 3005 illest
860 2953 976 3006 unicus?

221 3045 353 3098 Alienus?
377 3041 552 3127 respondet,
578 3063 627 3116 ego
646 3046 749 3100 alienus
768 3046 830 3099 illi?
855 3047 906 3100 aba
925 3045 1016 3114 Hegio,

217 3137 366 3208 Numquam
385 3141 455 3194 istue
474 3141 544 3194 dixis
562 3157 648 3210 neque
667 3140 783 3192 animum
802 3139 910 3192 induxis
929 3143 1015 3192 tuom:

218 3225 277 3277 Tibi
295 3225 340 3278 ille
360 3227 476 3294 unicust,
496 3227 530 3280 mi
550 3227 628 3280 etiam
648 3227 727 3280 unico
748 3227 830 3294 magis
849 3227 954 3280 unicus.

72 3327 161 3391 Tum
183 3327 289 3393 laudat
310 3350 382 3394 eum
405 3351 516 3396 senex:

218 3444 310 3499 Laudo
329 3447 426 3500 malurn
446 3464 523 3517 quom
544 3449 620 3502 amiel
639 3454 711 3502 tuom
731 3448 806 3502 ducis
826 3448 932 3501 malum.

71 3547 169 3612 Adde
193 3549 322 3614 Casinae
344 3573 373 3616 v.
399 3553 456 3616 172
480 3571 544 3635 sq.:

72 3661 247 3732 lyrrlrim:
273 3705 298 3719 ..
317 3666 380 3734 quid
399 3665 452 3720 tu’s
470 3667 564 3734 tristis,
581 3666 695 3720 amabo?

72 3749 257 3805 Cleostrata:
276 3752 317 3805 lta
335 3753 422 3806 solent
438 3769 529 3807 omnes
546 3770 613 3822 quae
633 3758 696 3806 sunt
715 3752 783 3806 male
801 3756 916 3820 nuptae:

273 3838 348 3892 Domi
367 3844 394 3892 et
412 3840 476 3893 ioris
496 3856 573 3908 aegre
593 3841 663 3908 quod
683 3841 726 3903 sit,
746 3840 811 3891 satis
830 3854 933 3907 semper
951 3842 1000 3890 est.

271 3926 337 3979 Nam
356 3942 404 3994 ego
423 3927 494 3980 ibam
514 3927 547 3979 ad
566 3931 600 3979 te.
636 3925 699 3994 Hy:
719 3927 751 3978 llt
771 3925 814 3994 pol
834 3940 882 3992 ego
901 3925 971 3978 istue
989 3924 1021 3976 ad
1041 3929 1077 3976 te.

271 4012 322 4066 Sed
342 4013 405 4082 quid
425 4018 474 4080 est,
493 4013 563 4082 quod
582 4019 628 4067 tuo
647 4029 718 4066 nune
737 4012 824 4064 animo
843 4010 967 4079 aegrest?

263 4097 329 4152 Nam
350 4101 420 4168 quod
436 4101 512 4153 tibist
531 4116 618 4168 aegre,
637 4100 705 4152 idem
726 4099 816 4152 mihist
835 4097 957 4151 dividiae.

75 4206 162 4281 Quas
185 4203 334 4267 mulieres
356 4224 422 4266 esse
444 4202 561 4266 amieos
579 4224 596 4265 e
618 4203 718 4268 naua
733 4208 871 4286 apparet,
893 4201 948 4264 ubi
961 4200 1131 4264 Cleostrata
1153 4198 1247 4263 dicit:

271 4320 311 4372 Tu
330 4321 435 4388 quidem
455 4321 595 4373 advorsum
614 4325 686 4373 tuam
706 4323 817 4373 amicam
838 4318 927 4370 omnia
944 4317 1070 4386 loqueris.
