3140 5068
570 473 779 543 ...ῃ-

172 653 239 720 Iam
260 677 334 724 vero
354 656 444 721 nobis
466 653 774 742 Peripleoomenum,'
805 683 882 726 num
911 661 1066 726 talia't
1018 685 1050 727 rn
1053 670 1101 726 ter
1131 662 1261 728 delicias

89 765 241 835 numeret,
265 757 458 838 interrogant
445 757 531 821 tibus
554 779 613 822 non
636 770 738 842 negat.
782 762 813 827 Is
836 783 958 846 quoque
980 783 1103 874 semper
1126 765 1204 828 bene
1227 785 1260 829 se

87 853 182 919 habet
1249 883 1251 894 ’

170 956 215 1020 Cf.
237 978 266 1021 v.
290 957 368 1022 723:

231 1055 299 1109 Huic
318 1058 416 1111 homini
436 1058 545 1127 dignum
565 1065 606 1112 eet
624 1061 731 1114 divitias
751 1077 809 1115 esse
828 1067 854 1114 et
873 1062 918 1115 diu
939 1064 1017 1118 vitam
1038 1063 1141 1126 dari‚.

229 1142 279 1206 Qui
300 1147 326 1196 et
345 1161 398 1196 rem
419 1152 508 1198 servat
526 1152 552 1198 et
570 1162 598 1199 se
618 1149 683 1200 bene
704 1149 784 1201 habet
803 1151 911 1218 suisque
931 1151 1022 1202 amicis
1041 1153 1137 1204 uenist.

88 1230 318 1295 etluxuriosos
340 1231 425 1296 cibos
447 1241 538 1297 amat.

171 1331 216 1395 ct.
227 1352 270 1394 ..v
293 1331 370 1395 738:

228 1431 305 1484 Nunc
324 1432 383 1485 volo
403 1448 533 1501 opsonare
551 1439 590 1498 ut,
610 1435 715 1502 hospes,
734 1438 781 1485 tua
799 1438 825 1486 te
844 1451 875 1486 ex
896 1435 993 1487 virtute
1012 1401 1038 1488 et
1055 1446 1115 1488 mea
1165 1455 1167 1460 ·

228 1519 301 1571 Meae
320 1518 390 1572 domi
411 1521 538 1589 accipiam
560 1521 682 1587 benigne,
701 1519 788 1587 lepide
808 1525 834 1572 et
852 1520 949 1589 lepidis
970 1523 1092 1576 victibus.

88 1605 175 1670 Idem
197 1628 226 1669 v.
252 1608 311 1670 677
334 1607 522 1672 Pleusiclem
539 1609 698 1672 hortatur:
1244 1687 1247 1692 .

229 1705 311 1758 Deum
331 1707 428 1760 virtute
447 1712 487 1760 est
507 1712 533 1760 te
551 1708 622 1760 unde
643 1708 757 1775 hospitio
777 1708 904 1774 accipiam
926 1709 996 1775 apud
1017 1725 1056 1760 me
1075 1711 1191 1764 comiter.

228 1791 271 1850 Es.
292 1793 360 1854 bibe,
380 1793 467 1846 animo
486 1795 632 1862 obsequere
652 1810 751 1846 mecum
773 1800 852 1862 atque
871 1801 994 1860 onerate
1014 1795 1193 1849 hilaritudine.

83 1865 141 1941 'ubi
168 1895 212 1942 'ex
243 1877 405 1959 „mecum“
438 1879 543 1944 addito
574 1881 650 1964 quid
681 1881 748 1965 ipse
776 1881 823 1946 de¹
844 1879 996 1944 eiusmodi
1021 1882 1113 1946 rebus
1136 1884 1260 1966 cogitet,

88 1979 163 2042 satis
193 1987 331 2064 apparet.
385 1978 544 2064 Imprimis
576 1990 680 2044 autem
711 1979 854 2044 convivia
892 1980 921 2042 ei
951 1981 1083 2065 placent.
1135 1982 1260 2070 Etenim

89 2099 148 2143 uon
172 2078 275 2142 solum
297 2100 326 2142 v.
350 2079 411 2142 666
433 2078 683 2158 „hilarissimum
708 2074 894 2144 convivam“
918 2099 950 2143 se
970 2081 1127 2165 appellat:

229 2176 276 2261 Vel
298 2178 486 2240 hilarissimum
506 2179 641 2231 convivam
663 2180 723 2258 hinc
743 2179 858 2231 indidem
879 2195 1029 2248 expromam
1049 2183 1107 2248 tibi,

88 2263 138 2328 sed
163 2263 260 2328 etiam
283 2285 322 2327 ex
343 2263 489 2344 omnibus
516 2276 658 2351 praecept
661 2266 697 2343 is,
723 2280 801 2380 qpae
823 2267 862 2330 ad
885 2267 1151 2333 convivalemt
1104 2279 1151 2339 rat
1153 2270 1254 2338 ionem

89 2372 173 2490 spept
169 2373 229 2527 (appt
238 2415 245 2445 ,
277 2373 374 2449 quant
375 2384 475 2528 operp
489 2364 564 2429 haec
586 2367 699 2447 gaudia
727 2367 794 2430 eius
818 2366 912 2431 sint
903 2389 936 2431 1n
964 2390 1069 2433 amore
1098 2363 1258 2472 discimus,

238 2485 267 2528 v.
290 2465 437 2528 ura-64

228 2562 273 2614 Vel
294 2562 400 2615 cavillat
390 2569 431 2615 tor
449 2563 551 2615 facetus
570 2563 609 2614 vel
630 2565 742 2615 conviva
761 2565 914 2618 commodus

230 2645 300 2700 Idem
321 2664 379 2701 ero:
405 2664 490 2716 neque
510 2664 558 2715 ego
577 2649 684 2701 oblocut
673 2652 715 2702 tor
734 2666 791 2701 sum
812 2650 915 2702 alteri'
908 2667 935 2703 vn
955 2652 1082 2703 convivio.

229 2733 403 2789 Incommodit
392 2740 446 2790 tate
466 2735 599 2787 abstinere
619 2751 659 2789 me
678 2737 749 2803 apud
769 2738 894 2789 convivas
915 2737 1049 2789 commode
1111 2731 1116 2739 '

155 2857 181 2892 .‘
210 2820 416 2874 'Commeminiz
441 2825 467 2874 et
486 2833 559 2874 meae
578 2824 705 2890 orationis
727 2824 823 2874 iustam
845 2827 944 2889 partem
966 2823 1088 2891 persequi

230 2907 263 2958 llt
282 2923 364 2958 meam
385 2912 485 2975 partem
506 2907 597 2960 itidem
618 2913 713 2969 tacere,
735 2908 947 2975 quornalienast
963 2911 1059 2961 oratio.

228 2993 335 3045 Minime
353 2997 482 3060 sputator‚
502 3000 619 3047 screator
638 3011 705 3058 sum,
724 2994 814 3046 itidem
836 2996 942 3046 minime
963 2983 1106 3048 muccidus.
1143 2979 1146 2988 λ

171 3079 210 3143 Et
230 3101 260 3143 v.
283 3081 464 3144 652—655:

228 3180 319 3248 Neque
338 3195 387 3246 ego
405 3197 529 3248 umquam
550 3180 664 3232 alienum
685 3187 799 3232 scortum
820 3181 936 3242 subicito
955 3181 983 3231 in
1002 3181 1136 3232 convivio:

189 3332 191 3338 Ι
228 3266 318 3336 Neque
337 3267 470 3335 praeripio
493 3266 693 3335 pulpamentum
714 3283 800 3336 neque
820 3272 958 3335 praevorto
978 3267 1119 3335 poculum:

227 3353 318 3421 Neque
338 3369 385 3420 per
403 3353 492 3404 vinum
513 3369 636 3421 umquam
658 3370 690 3405 ex
710 3370 750 3404 me
769 3355 887 3405 excritur
905 3352 1045 3405 discidium
1066 3353 1092 3403 in
1113 3355 1240 3406 convivio.

227 3438 316 3507 Siquis
335 3439 398 3490 ibist
417 3438 534 3502 odiosus,
555 3440 620 3490 abeo
641 3439 756 3503 domum,
776 3455 922 3491 sermonem
944 3454 1062 3505 segrego.
1122 3450 1124 3455 ·

185 3521 187 3524 ’
228 3525 367 3582 Venerem,
387 3541 501 3577 amorem
521 3527 760 3594 amoenitatemque
780 3527 913 3579 accubans
933 3541 1050 3578 exerceo.

90 3612 207 3687 Quibus
228 3612 263 3676 in
284 3613 426 3676 versibus
449 3611 479 3675 id
505 3633 627 3696 quoque
650 3611 798 3696 respicias
829 3611 1047 3691 „convivium“
1072 3610 1255 3677 vocabulum

91 3713 232 3794 quotiens
256 3713 402 3788 iteretur.
435 3732 535 3795 neque
557 3712 753 3776 obliviscaris
777 3714 869 3776 etiam
895 3711 1098 3795 Cyrenaicum
1123 3711 1257 3795 philoso-

91 3811 205 3894 phum,
237 3812 294 3895 qui
317 3833 383 3875 mos
406 3821 471 3874 erat
493 3811 697 3891 Graecorum,
729 3812 848 3896 puellas
872 3813 910 3874 ad
935 3811 1078 3876 convivia
1100 3832 1258 3874 assumere

90 3910 215 3976 solitum
238 3931 315 3974 esse.
359 3912 426 3974 lam
448 3931 541 3994 supra
564 3910 731 3975 attulimus
754 3912 855 3976 locum
875 3912 1021 3977 Luciani:
1046 3961 1074 3975 ..
1099 3916 1257 3990 caranceio

91 4007 197 4083 ἱκανός
223 4011 277 4071 καὶ
306 4007 459 4090 κωμάσω
490 4009 560 4088 μετ’
583 4009 782 4092 αὐλητρίδος
802 4021 865 4092 ’...,
899 4019 1019 4095 pi'aeter
1049 4032 1142 4096 quem
1168 4011 1256 4094 Diog.

89 4109 232 4176 61176
262 4111 394 4176 conferri
420 4118 535 4196 potest:
570 4109 754 4185 Πολυξένου
788 4115 869 4170 ποτὲ
891 4112 950 4173 aori
972 4113 1131 4192 σοφιστοῦ
1154 4102 1254 4174 eluel-

90 4210 207 4284 6όο0ος
232 4212 314 4292 πρὸς
336 4210 514 4274 αὐτᾶνκαὶ
538 4195 751 4291 decomptores)
771 4209 925 4292 γυναῖκάς
953 4232 989 4270 τε
1014 4210 1068 4274 καὶ
1092 4209 1256 4275 πολυτελν·

90 4306 329 4399 ὀψωνίαν
