3140 5068
832 393 1029 455 ..16..

336 574 422 652 Quod
444 574 524 638 nihil
548 583 594 639 est
615 574 701 640 aliud
723 583 817 660 atque
842 575 939 640 illud:

544 673 595 728 Sed
615 676 677 743 quia
696 691 800 744 semper
818 691 880 729 aves
898 675 967 744 quod
987 677 1071 741 abest,
1090 673 1241 743 praeseutia
1259 672 1364 736 temnis,

543 760 693 830 Inperfecta
711 763 760 814 tibi
779 762 896 831 elapsast
914 764 1071 830 ingrataque
1090 761 1144 814 vita

545 850 572 900 et
590 849 760 916 necopinanti
779 864 849 901 mors
868 848 901 900 ad
921 852 1001 916 caput
1020 848 1131 900 adstitit.

419 951 562 1036 Denique
584 951 677 1016 etiarn
703 973 742 1016 ex
757 952 883 1017 Terenti
906 952 1021 1016 tabulis
1040 952 1180 1016 eiusdem
1204 951 1377 1016 sententiae
1400 971 1500 1014 exem-

338 1050 425 1135 plum
447 1051 591 1116 adiciam.
622 1051 966 1117 Heautontimorumeni
983 1073 1010 1116 v.
1022 1051 1083 1115 345
1096 1051 1282 1136 Clitiphonti
1297 1051 1501 1116 exclamanti:

546 1150 629 1218 „Quid
650 1169 699 1220 ago
718 1150 823 1204 uunc?“

339 1237 442 1309 Clinia
462 1239 588 1303 suadet:

548 1339 642 1393 Tune?
668 1341 737 1410 quod
759 1339 821 1392 boni
841 1379 847 1392 .
867 1379 874 1394 .
893 1378 926 1392 ..

548 1426 647 1492 Datur,
670 1427 758 1479 fruare
777 1427 838 1478 dum
858 1426 934 1491 licet;
960 1442 1020 1478 uam
1040 1425 1144 1478 nescias

549 1600 613 1653 Eius
632 1601 667 1652 sit
686 1603 804 1668 potestas
824 1600 935 1668 posthac
954 1616 988 1652 au
1007 1615 1150 1668 numquam
1170 1599 1228 1651 tibi.

342 1686 400 1752 Cui
422 1687 559 1751 adsentit
580 1687 735 1774 Clitipho:

550 1787 648 1841 Verum
668 1788 755 1841 hercle
773 1787 843 1840 istuc
862 1792 910 1839 est.

426 1873 485 1937 Hic
505 1873 591 1938 locus
615 1874 744 1939 idoneus
767 1873 846 1938 mihi
866 1873 999 1951 videtur,
1023 1894 1084 1957 quo
1103 1873 1141 1938 de
1153 1873 1273 1959 Captiv.
1286 1895 1316 1937 v.
1329 1872 1391 1936 284
1411 1893 1506 1956 agam.

343 1971 473 2037 Oraculo
497 1973 597 2054 enim,
629 1975 711 2058 quod
733 1974 823 2038 modo
844 1974 1065 2053 tractavimuS,
1095 1973 1127 2037 id
1152 1980 1259 2038 monet
1280 1972 1450 2057 EpicuruS,
1480 1980 1509 2033 ut

344 2073 501 2156 praesenti
524 2081 663 2159 tempore
686 2075 729 2138 ita
750 2075 901 2154 fruamur,
922 2073 1011 2158 quasi
1032 2073 1099 2136 dies
1121 2072 1289 2137 hodiernus
1312 2073 1447 2137 ultimus
1463 2072 1508 2144 sit,

345 2193 445 2256 neque
461 2193 559 2257 usque
575 2174 613 2238 ad
637 2175 808 2238 crastiuum
833 2175 938 2239 vivere
962 2171 1051 2238 nobis
1069 2172 1170 2252 liceat,
1193 2172 1309 2257 quippe
1332 2173 1412 2256 quod
1437 2172 1509 2236 scire

343 2271 430 2337 nullo
453 2273 542 2338 modo
566 2274 731 2358 possimne.

426 2372 471 2436 Gi.
493 2374 583 2456 lrgrn.
606 2376 668 2439 490
688 2373 809 2456 (Horat.
832 2395 877 2457 ep.
907 2374 970 2451 14,
997 2371 1066 2454 13);

553 2473 661 2527 Omnem
681 2473 758 2527 crede
776 2473 845 2526 diem
865 2473 914 2526 tibi
934 2472 1064 2526 diluxisse
1083 2483 1244 2541 supremum,

553 2559 635 2614 Grata
654 2561 830 2628 superveniet,
850 2576 917 2628 quae
936 2576 990 2612 non
1011 2559 1170 2627 sperabitur,
1190 2559 1263 2610 hora.

345 2644 533 2710 Huiusmodi
555 2647 587 2710 iu
611 2647 694 2712 vitae
717 2647 869 2711 rationem
893 2646 1012 2711 iocatur
1034 2646 1224 2710 Philocrates
1248 2643 1368 2729 Captiv.
1392 2666 1422 2708 v.
1444 2643 1510 2722 284,

346 2745 409 2828 qui,
436 2767 507 2811 curn
529 2746 637 2830 Hegio,
662 2768 737 2811 num
758 2755 846 2831 pater
868 2746 963 2828 vivat,
986 2747 1164 2831 interroget,
1189 2745 1369 2831 respondet:

487 2846 590 2914 Vivam,
611 2863 689 2915 quom
709 2847 771 2899 inde
790 2847 902 2911 abimus,
921 2846 1057 2915 liquimus,

484 2933 561 2986 Nunc
579 2933 684 2986 vivatne
703 2950 796 2999 necne,
815 2934 842 2987 id
862 2933 957 2986 Orcum
977 2933 1044 2986 seire
1063 2936 1167 3001 oportet
1186 2932 1295 2986 scilicet.
1307 2931 1326 2997 ¹)

427 3037 492 3100 lam
524 3058 561 3100 ex
583 3038 648 3120 his,
678 3059 756 3121 quae
786 3037 967 3114 attulimus,
995 3036 1118 3101 fruendi
1149 3035 1321 3121 praeceptis
1345 3034 1511 3119 Epicurum

348 3135 540 3221 voluptatem
564 3135 714 3221 (ἡδονήν)
737 3138 831 3201 linem
855 3137 938 3201 vitae
960 3137 1105 3200 statuisse
1128 3135 1310 3200 concludere
1344 3154 1512 3218 possumus,

345 3243 376 3299 ct
397 3236 457 3311 τήν
477 3235 600 3322 ἡδονήν
621 3236 728 3322 ἀρχὴν
748 3237 802 3298 καὶ
824 3237 913 3310 τέλος
934 3236 1069 3318 λέγομεν
1091 3226 1176 3298 εἶναι
1193 3237 1254 3299 τοῦ
1274 3237 1442 3316 μακαρίως
1464 3235 1514 3316 ζῆν

349 3335 415 3421 ipse
436 3336 514 3402 dicit
526 3360 573 3423 ep.
594 3339 727 3403 111128.
771 3339 984 3422 Unaquaeque
1005 3344 1111 3402 eutem
1130 3336 1274 3422 voluptas
1295 3343 1424 3400 naturae
1447 3357 1514 3399 con-

350 3436 439 3500 venit
469 3445 499 3500 et
527 3459 563 3501 ea
593 3439 631 3502 de
658 3459 750 3502 causa
778 3459 833 3522 per
863 3459 895 3501 se
926 3439 1039 3501 bonum
1071 3444 1118 3500 est
1147 3436 1213 3500 sive
1244 3436 1318 3500 hinc
1340 3435 1407 3500 sive
1429 3435 1515 3500 illinc

350 3537 532 3600 arcessitur:
555 3535 679 3619 ταύτην
700 3537 770 3618 γάρ,
793 3538 893 3623 pergit
917 3538 991 3615 loco,
1016 3558 1108 3620 quern
1136 3537 1224 3600 inodo
1245 3536 1417 3618 tetigimus,
1442 3536 1515 3616 dyc-

348 3635 417 3697 ddr
445 3638 576 3716 πρῶτον
605 3637 658 3699 καὶ
691 3638 877 3718 συγγενικόν
906 3639 1063 3718 ἔγνωμεν,
1094 3643 1125 3701 et
1155 3661 1183 3698 κ.
1214 3636 1244 3697 d.
1266 3637 1343 3701 Vlll
1367 3635 1514 3718 legimus:

349 3732 491 3816 οὐδεμία
513 3734 613 3819 r‘dotn]
635 3735 714 3800 καθ’
736 3736 833 3801 ἑαυτό
856 3734 967 3816 κακόν,
990 3738 1071 3823 quod
1095 3738 1177 3802 idem
1202 3760 1249 3823 ep.
1262 3738 1307 3801 lll
1323 3739 1399 3800 129:
1422 3739 1516 3800 πᾶσα

351 3823 409 3899 οὖν
440 3834 542 3922 ἡδονὴ
574 3837 630 3900 decl
663 3837 700 3900 ed
732 3836 834 3921 priore
865 3839 949 3919 ἔχειν
982 3835 1104 3900 οἰκείαν
1136 3835 1279 3920 ἀγαθόν.
1324 3835 1383 3900 Sed
1408 3835 1515 3902 cornici

352 3944 457 4021 poetae
480 3936 541 4022 ipsi
564 3938 620 4002 hac
643 3938 674 4004 in
696 3962 728 4004 re
750 3941 930 4006 testimonia
955 3939 1043 4003 nobis
1060 3940 1218 4024 praebent,
1240 3959 1373 4022 quaene
1394 3937 1516 4002 nomine

351 4036 477 4119 quidem
500 4037 627 4122 Epicuri
651 4049 765 4104 carent.

424 4237 507 4304 1)ss.
528 4239 588 4302 lec,
607 4237 695 4291 Plaut.
716 4240 821 4291 Forsclr.
842 4255 900 4307 pag.
923 4239 978 4291 116.
