3140 5068
828 455 1034 520 „30-

344 629 424 713 uup’
445 630 531 714 ὑμᾶς
551 631 611 712 οὐχ
629 633 670 706 ὠς
687 632 954 714 συλλυπούμενος
975 631 1047 698 ἀλλ’
1068 631 1123 698 ἵνα
1145 633 1265 702 παύσω
1285 637 1369 721 ἡμᾶς
1387 634 1490 701 lonco-

342 741 469 815 μένους.

427 833 517 898 Adde
540 833 685 898 Socratic.
715 853 764 919 ep.
792 833 838 897 XI
869 831 1068 921 (Aristippus
1096 837 1278 920 Aeschini):
1309 837 1492 924 λυθήσονται

342 935 402 1006 τᾶς
424 932 572 1016 φυλακᾶς
592 931 624 996 oc‘
644 937 809 996 νεανίσκοι
827 933 904 1013 περὶ
933 921 979 995 ὧν
998 957 1053 1015 μοι
1082 935 1216 1019 γράφεις
1237 935 1269 1000 οἱ
1290 943 1422 1019 Λοκροί,
1446 939 1491 1002 xci

343 1032 383 1095 osi
403 1033 624 1108 τεθιαὲξοιται
654 1032 733 1096 ov’di
755 1032 940 1096 α’πολοῦντί
958 1056 989 1096 τι
1009 1038 1075 1098 τῶν
1095 1034 1290 1118 χρημάτων,
1323 1035 1443 1120 ῆκοιτές
1464 1061 1491 1117 γε

342 1135 498 1213 παραυτά
518 1136 579 1197 τοῦ
599 1138 729 1200 θανεῖν,
757 1136 864 1198 ταῦτα
882 1133 920 1196 δὲ
931 1133 1127 1198 Ἀντισθένει
1146 1138 1191 1218 μή
1210 1136 1314 1221 λέξῃς,
1334 1139 1364 1204 εἰ
1379 1149 1491 1204 osenna
1542 1161 1543 1244 ι

342 1233 417 1307 τούς
439 1234 561 1318 φίλους.

423 1335 463 1400 Ilt
482 1335 628 1401 Socratic.
661 1357 709 1421 ep.
733 1335 841 1400 XXIII
869 1333 1057 1417 (Aeschines
1079 1336 1268 1418 Phaedoni):
1299 1337 1412 1403 Ὁπότε
1439 1338 1491 1419 ἐγε-

341 1432 445 1519 νόμην
472 1436 511 1502 ἐν,
536 1434 776 1518 Συρακούσαις,
809 1435 935 1508 εὐθέως
960 1436 1045 1499 nutri
1070 1437 1132 1522 τήν
1159 1437 1284 1520 α’γορᾶν
1313 1439 1491 1518 Ἀριστίππῳ

341 1537 510 1615 ἐνέτυχον,
542 1534 562 1600 ὂ
590 1536 628 1598 dl
654 1533 839 1618 λαβόμενός
866 1558 930 1618 μου
958 1539 1015 1618 τῆς
1039 1536 1149 1612 δεξιᾶς
1176 1541 1378 1621 παραχρῆμα
1404 1538 1491 1620 μηδὲν

339 1633 504 1719 μελλήσας
523 1634 645 1718 εἰσάγει
667 1637 749 1717 πρός
769 1636 943 1700 Διονύσιον
967 1685 1061 1701 .....

422 1738 513 1802 Haud
536 1737 651 1803 minori
675 1758 766 1802 curae
788 1736 1044 1822 Periplecomeno
1067 1737 1163 1802 amici
1184 1745 1268 1802 sunt.

425 1838 849 1922 OEnfflmt..
1010 1845 1014 1854 '

340 1933 514 1990 PleusIcles:
532 1937 580 1992 Pol
598 1938 626 1991 id
642 1938 749 2007 quidem
765 1939 889 2008 experior
906 1938 946 1992 ita
963 1953 1022 1991 esse
1037 1941 1068 1990 ut
1085 1936 1232 2006 praedicas,
1250 1937 1408 2003 Palaestrio:

536 2024 603 2078 Nam
623 2025 776 2093 benignitas
796 2025 902 2095 quidem
919 2025 999 2078 huius
1017 2024 1116 2094 oppido
1135 2022 1365 2078 adulescentulist

435 2107 507 2165 Per:
532 2111 622 2178 Immo,
642 2112 748 2182 hospes,
767 2113 852 2179 magis
871 2129 948 2180 quom
963 2110 1091 2181 periclum
1105 2110 1196 2177 iacies,
1214 2112 1299 2178 magIs
1312 2126 1404 2166 nosces
1421 2123 1490 2162 nean
1543 2171 1544 2202 1

529 2196 685 2252 comitatem
705 2213 767 2266 erga
785 2203 811 2252 te
830 2187 971 2251 amantem.
1006 2194 1055 2250 Pl:
1082 2197 1152 2261 Quid
1169 2214 1236 2266 opus
1255 2203 1320 2251 nota
1338 2194 1456 2252 nosceret
1543 2217 1544 2234 ι

339 2282 380 2348 Et
400 2305 430 2348 v.
448 2285 525 2370 736:

529 2383 580 2447 Qui
600 2389 626 2437 et
646 2401 700 2438 rem
719 2388 806 2438 serrat
826 2391 852 2438 et
871 2401 899 2438 se
919 2375 984 2439 bene
1003 2385 1084 2439 habet
1102 2386 1211 2453 suisque
1232 2385 1324 2438 amIcis
1345 2383 1435 2438 usuist.

420 2486 505 2554 Haec
527 2488 648 2569 omnia,
683 2510 762 2574 quae
784 2490 822 2560 de
845 2489 1099 2576 Periplecomeno
1122 2490 1302 2576 hucusque
1326 2483 1491 2572 conscripsi-

339 2611 410 2654 mus
439 2588 466 2653 si
496 2589 716 2675 pensitaverit,
747 2611 818 2654 cum
847 2590 910 2654 tale
941 2587 1105 2673 ingenium
1136 2591 1275 2675 talesque
1304 2610 1403 2655 mores
1431 2585 1492 2652 huic

339 2690 577 2756 senitribuerit
597 2698 696 2776 poeta,
720 2689 791 2775 quis
816 2698 863 2754 est
886 2690 941 2775 qui
962 2691 1095 2772 dubitet,
1122 2690 1199 2776 quin
1219 2681 1355 2758 alterum
1372 2685 1491 2770 Aristip-

340 2810 416 2873 pum
439 2791 585 2874 cffingerc
610 2790 767 2855 voluerit?
819 2792 906 2868 Quod
937 2791 1104 2876 quominus
1133 2790 1295 2856 credamus
1324 2791 1381 2856 hcc
1408 2807 1492 2854 uuum

339 2889 493 2975 impedire
515 2911 603 2975 posse
623 2890 756 2969 videtur,
781 2892 861 2976 quod
886 2912 937 2956 eas
960 2912 1077 2971 causas,
1101 2891 1215 2976 quibus
1235 2890 1491 2976 Peripleccmenus

339 2990 482 3056 versibus
505 2990 578 3056 inde
599 2992 639 3055 ab
661 2993 729 3082 678Ι
744 3013 842 3077 usqne
863 2993 902 3055 ad
925 2994 985 3082 722
1014 3013 1047 3056 se
1077 2990 1314 3056 matrimonium
1336 2991 1415 3054 inire
1435 3008 1492 3072 pro-

336 3090 439 3156 hiberi
461 3091 557 3171 dicit,
589 3093 705 3157 frustra
730 3093 814 3178 apud
836 3092 1042 3176 Cyrenaicum
1071 3090 1293 3177 philosophum
1316 3089 1490 3175 quaerimus.

337 3189 376 3254 Et
398 3191 450 3255 hic
471 3213 552 3276 aqua
572 3192 697 3257 videtur
720 3192 854 3257 haerere.
898 3193 1065 3258 Undenam
1087 3191 1163 3255 haec
1181 3189 1376 3275 deprompsit
1394 3185 1491 3274 poeta?
1544 3223 1545 3294 p

338 3290 421 3354 Num
452 3312 488 3356 ex
517 3291 581 3356 alia
611 3292 779 3380 disciplina
807 3302 969 3358 mutuatus
992 3294 1063 3356 est?
1107 3292 1191 3356 Num
1213 3291 1281 3376 ipse
1310 3289 1415 3356 omnia
1442 3283 1490 3351 sibi

339 3389 455 3478 finxit?
497 3393 694 3458 Permultum
717 3393 867 3478 temporis
889 3395 987 3457 fateor
1014 3413 1064 3456 me
1085 3394 1201 3458 frustra
1232 3391 1288 3455 has
1310 3388 1492 3476 quaestiones

337 3492 457 3556 solvere
477 3500 623 3557 conatum
644 3514 729 3577 esse,
757 3479 940 3579 puericiam
963 3492 1089 3558 omnino
1110 3513 1197 3577 spem
1221 3491 1404 3576 perdebam,
1434 3505 1492 3552 cum

339 3593 550 3676 fragmentum
580 3593 847 3683 Theophrasteum
879 3593 960 3658 mihi
988 3593 1075 3659 venit
1104 3593 1136 3657 in
1165 3611 1291 3673 manus,
1324 3590 1406 3676 qnod
1434 3605 1493 3652 cum

338 3691 557 3776 perlegissem,
588 3693 746 3758 continere
769 3716 831 3759 non
855 3685 1009 3779 poteram,
1039 3693 1117 3779 quin
1139 3712 1261 3758 summo
1284 3691 1413 3776 quidem
1433 3705 1493 3753 cum

338 3792 450 3878 gaudio
466 3793 548 3880 haud
565 3793 685 3883 minore
701 3803 807 3860 autern
823 3816 894 3860 cum
913 3795 1120 3859 admiratIone
1132 3793 1356 3860 exclamarem:
1378 3783 1492 3872 εὕρηκα.

336 3893 414 3958 Εοοο
437 3895 552 3976 omnia,
575 3916 653 3980 qnae
674 3918 771 3984 usqne
793 3898 832 3961 ad
852 3897 883 3961 id
907 3905 1032 3981 tempus
1053 3898 1168 3958 frustra
1182 3881 1413 3979 quaesiveram,
1434 3904 1492 3954 ecce

337 3995 424 4081 iope,
455 3996 537 4061 unde
560 3997 616 4086 illa
636 3997 674 4062 de
696 3997 896 4062 matrimonio
919 3994 1090 4082 disputatio
1112 3993 1220 4074 fluxit,
1243 4012 1345 4077 neque
1366 3991 1444 4072 ulle,
1462 4003 1493 4050 ns

337 4094 470 4160 minima
493 4096 630 4180 quidem,
653 4097 803 4162 exsistere
825 4104 946 4182 poterat
967 4094 1131 4161 dubitatio.

419 4196 480 4261 Sed
510 4197 585 4283 qnid
622 4219 786 4264 commune
826 4197 920 4261 habet
960 4217 1032 4261 cum
1054 4194 1216 4280 Aristippo
1249 4184 1493 4277 Theophrastus?

338 4295 507 4361 Hominem
536 4297 772 4387 Aristippeum
794 4298 821 4363 si
859 4297 1026 4384 depingere
1068 4294 1170 4360 voluit
1207 4303 1313 4378 poeta,
1355 4282 1493 4375 quomodo
