3140 5068
818 483 1022 548 ,88-

410 663 456 726 Ct.
471 661 607 726 'edition
627 662 671 726 lV
692 665 707 726 l
725 684 793 748 pag.
811 665 888 728 22⁶2:
912 662 1070 728 Graecum
1090 660 1220 739 [abactae
1239 681 1353 726 nornen
1365 655 1496 737 Ἄλαζών

324 764 398 845 fuit,
420 783 449 826 o.
470 763 522 844 86,
551 767 662 825 auctor
683 762 808 846 ipnotus
832 768 887 828 est.
931 761 1115 826 Menander
1136 762 1261 847 quidem
1281 761 1400 844 pariete
1416 781 1495 843 per-

323 865 409 946 fosso
427 863 473 925 ita
495 867 528 924 ut
556 881 594 923 ec
623 862 737 924 ominis
766 862 898 926 aeditua
925 861 1033 946 puella
1063 863 1145 925 ctam
1174 861 1299 923 intrare
1313 860 1426 942 possit,
1463 861 1495 921 in

327 963 495 1027 Phasmate
515 981 591 1024 ustos
609 967 662 1037 est,
685 961 768 1046 quod
783 982 881 1042 quum
899 963 964 1025 iam
976 960 1125 1024 Donatus
1141 959 1185 1024 ad
1200 958 1342 1023 Terentii
1353 957 1494 1022 nuent.

326 1065 388 1127 o.9
409 1067 688 1137 commemorasset,
711 1082 816 1141 nuper
831 1061 955 1125 inuento
974 1060 1153 1144 froqmento
1175 1058 1263 1123 iltius
1277 1058 1404 1139 fabulae
1423 1080 1494 1122 con-

323 1167 486 1244 firmatum
508 1165 550 1223 est
578 1158 620 1240 (o.
642 1159 822 1240 cerasten,
843 1159 1038 1240 Frapmentn
1063 1159 1292 1244 Porphyriona
1316 1159 1496 1222 Comoedias

326 1263 458 1338 Atticae,
480 1259 606 1340 Petrop.
629 1261 712 1324 1891
738 1283 770 1345 p.
795 1261 854 1323 151
875 1257 948 1346 sp).
992 1260 1083 1341 Quod
1103 1267 1230 1340 nostrae
1248 1258 1380 1340 fistulae
1399 1279 1495 1339 arqu-

325 1367 464 1426 mentum
495 1360 600 1422 eodem
625 1361 760 1438 artificio
792 1361 922 1439 nitetur,
952 1361 1060 1424 notari
1088 1358 1192 1438 debet,
1224 1358 1279 1421 sed
1310 1357 1392 1422 nituit
1420 1357 1495 1424 inde

327 1461 408 1544 effici
424 1479 518 1540 posse
537 1459 672 1523 uidetur.
733 1513 735 1520 .

408 1559 550 1642 Denique
571 1558 611 1623 ab
633 1558 789 1622 imitatore
810 1558 936 1642 quidem
951 1557 1114 1622 Menandri
1129 1557 1301 1622 Alazonem
1326 1577 1391 1620 esse
1413 1577 1494 1620 com-

327 1659 460 1745 positam
482 1659 693 1722 demonstrare
715 1666 844 1722 conatur
867 1659 936 1722 Leo.
948 1657 970 1738 ¹)

409 1759 493 1822 Haeo
515 1760 577 1821 iere
599 1765 681 1836 sunt,
705 1779 785 1841 quse
807 1761 942 1843 proferre
958 1757 1052 1822 volui.
1096 1757 1278 1822 Ostendisse
1292 1757 1373 1821 mihi
1390 1755 1495 1820 videor

328 1857 385 1921 hac
416 1857 684 1942 disputatiuncula
723 1866 827 1943 poetas
861 1858 995 1922 comicos
1038 1857 1129 1922 valde
1168 1857 1329 1922 adamasse
1367 1856 1493 1944 Epicuri

327 1956 517 2039 doctrinam,
539 1956 621 2020 haud
645 1957 819 2040 neglexisse
841 1957 1080 2042 Peripateticum
1105 1965 1239 2036 sectam,
1270 1957 1494 2043 Periplectome-

326 2077 402 2120 num
424 2063 527 2120 eutem
551 2077 651 2140 neque
674 2077 739 2120 esse
762 2061 883 2124 fatuum
915 2065 1096 2140 nugatorem
1118 2078 1219 2141 noque
1241 2059 1378 2123 facetum
1394 2058 1495 2142 Ephe-

326 2155 418 2233 sium,
441 2155 495 2219 sed
517 2156 651 2221 alterum
672 2157 881 2243 Aristippum.

399 2352 425 2420 1)
443 2353 558 2406 Plautin.
578 2353 685 2406 Forsch.
705 2370 765 2422 pag.
786 2351 835 2405 103
851 2352 942 2406 adnot.
959 2353 984 2405 4.
