3140 5068
570 435 776 502 ..23-

81 614 245 679 Nonnulla
275 614 470 680 incommoda
498 638 569 680 cum
593 638 688 681 uxore
711 617 810 682 divite
840 617 1004 682 eoninnotu
1026 637 1092 681 esse
1115 615 1199 682 hisee
1221 616 1255 682 in

86 715 235 779 versibus
254 715 433 780 conceditur
449 751 489 760 —
508 738 585 782 uxor
603 717 686 782 enim
704 717 834 782 molesta
851 725 898 781 est
918 737 1018 802 neque
1041 716 1189 781 maritum
1212 717 1257 782 ita

82 815 195 879 vivere
210 815 296 896 sinit,
319 825 353 880 ut
372 815 439 901 ipse
457 816 526 881 vult
544 851 583 861 —
603 825 741 882 attamen
760 817 921 882 commoda
940 827 971 881 et
994 817 1168 902 voluptates
1191 838 1255 881 ma·

81 914 227 979 trimonii
251 915 349 980 multo
367 916 485 981 maiora
506 927 579 982 sunt
601 926 632 981 et
662 918 718 982 illa
741 940 835 1003 parva
858 917 941 982 mala
964 917 1063 982 multo
1091 925 1257 1002 superant;

82 1037 159 1079 narn
185 1014 277 1079 liberi
299 1015 480 1098 gignuntur,
503 1018 562 1098 vir,
584 1018 610 1082 si
633 1018 667 1082 in
692 1018 834 1084 morbum
857 1017 979 1098 incidit,
1007 1018 1046 1082 eb
1069 1038 1163 1082 uxore
1185 1017 1257 1082 dili·

82 1115 270 1197 gentissime
301 1111 438 1196 l'ovet'nr,
472 1117 499 1180 si
530 1118 560 1181 in
583 1139 766 1200 aerumnas,
801 1117 914 1182 solaeio
935 1117 1087 1198 aflicitur,
1117 1126 1264 1182 mortuus

81 1215 238 1299 sepelitur
260 1215 351 1300 eique
374 1215 456 1279 iusta
477 1217 650 1284 solvuntur.
695 1221 846 1296 Quattuor
877 1217 974 1301 igitur
1004 1218 1174 1283 commodis
1197 1218 1258 1283 duo

80 1322 210 1379 tantum
234 1325 432 1401 opponuntur
454 1317 659 1399 incommoda,
683 1340 763 1403 quae
785 1319 842 1384 heo
863 1319 901 1382 de
923 1339 1016 1384 eausa
1035 1339 1133 1402 aequo
1152 1318 1257 1384 animo

81 1415 217 1479 serenda
236 1424 318 1479 sunt.

172 1533 242 1597 Hue
262 1541 333 1617 epte
355 1533 538 1617 adiungitur
560 1536 650 1619 frgm.
677 1538 757 1604 1084
777 1537 875 1617 (Koolr
897 1539 944 1603 lll
967 1558 1033 1622 pag.
1057 1535 1147 1619 263):

295 1627 335 1702 μὴ
354 1617 406 1685 οὖν
424 1632 491 1687 θέλε
510 1634 608 1687 λυπεῖν
626 1631 730 1689 σαυτὸν
755 1631 842 1702 aldais,
865 1630 909 1691 ὅτι

295 1720 406 1779 πολλοῖς
425 1714 455 1773 τὸ
473 1720 580 1774 λυποῦν
599 1715 716 1795 ὕστερον
731 1719 824 1796 χαρὰν
842 1720 909 1792 ἄγει

301 1806 347 1858 καὶ
366 1801 395 1858 ui
417 1803 505 1861 κακὸν
524 1802 637 1878 α’γοθοῦ
656 1811 767 1878 γίνεται
786 1812 945 1881 παραίτιον.

81 1893 182 1956 Porro
203 1914 368 1977 componas
391 1894 582 1959 Philemonis
603 1897 693 1980 lrgm.
711 1899 766 1962 161
791 1896 891 1979 (Koelr
916 1898 945 1961 ll
969 1918 1036 1982 pag.
1055 1894 1144 1978 525):

295 1988 369 2044 πόλλ’
388 1990 465 2045 ἔστιν
483 1991 514 2046 ἐν
532 1995 676 2066 πολλαῑοιν
699 1994 802 2055 οἰκίαις
821 1990 901 2058 κακά,

298 2073 316 2128 r‘e'
336 2076 424 2138 καλῶς
442 2072 510 2132 ὅταν
529 2077 646 2156 ἐνέγκῃς
665 2077 760 2147 ἀγαθὰ
780 2080 939 2153 γενήσεται,

83 2164 172 2229 Mala
194 2164 291 2247 igitur
314 2174 473 2250 propterea
496 2168 695 2252 suscipienda
716 2178 799 2250 sunt,
820 2178 854 2233 ut
877 2170 955 2235 bona
977 2177 1155 2253 sequautur.

172 2264 315 2348 Denique
337 2265 397 2330 hue
420 2267 557 2351 pertinet
576 2268 716 2333 eiusdem
738 2272 828 2354 lrgm.
846 2269 903 2334 153
925 2269 1025 2352 (Koelr
1039 2270 1068 2332 ll
1082 2290 1149 2354 pag.
1162 2267 1256 2348 524);

296 2360 333 2424 ὡς
354 2358 438 2435 ᾗδὲως
455 2385 505 2437 μοι
524 2366 627 2436 γέγονε
647 2364 680 2421 τὰ
697 2362 836 2439 πρότερον
854 2366 935 2421 κακά·

299 2450 326 2504 εἰ
343 2447 382 2523 μὴ
403 2447 458 2505 ro't’
476 2449 603 2518 ἐπόνουν,
622 2453 674 2508 νῦν
693 2449 727 2507 ἂν
744 2457 793 2508 οὐκ
812 2448 1014 2526 εὔφραινόμην.

175 2542 266 2605 Nune
287 2541 324 2604 ad
349 2541 470 2604 fabulas
492 2541 653 2607 Plautinas
674 2551 878 2607 transeamus,

173 2643 210 2706 ln
244 2641 411 2705 Mercatore
441 2641 594 2706 Charinus
628 2643 763 2707 amicam
792 2643 853 2706 sibi
884 2643 977 2722 emit,
1011 2664 1103 2727 quam
1136 2650 1256 2728 patrem

84 2741 189 2806 celare
217 2741 332 2805 studet.
375 2741 436 2805 Sed
459 2763 529 2805 eum
553 2742 652 2807 nihilo
676 2743 773 2807 setius
796 2743 823 2806 is
845 2743 950 2808 omnia
973 2741 1149 2817 resciverit,
1180 2741 1255 2806 adu·

86 2842 211 2904 lesoens
234 2840 422 2905 lamentatur
443 2863 473 2905 v.
495 2840 557 2905 356
578 2863 631 2927 sq:

227 2939 353 2994 Hocinest
372 2940 481 2993 amare?
499 2958 574 2994 arare
594 2944 712 2996 mavelim
733 2961 810 3012 quam
831 2945 869 2996 sio
887 2960 984 2996 amare.

226 3027 280 3080 lam
300 3028 361 3080 hine
380 3027 442 3081 olim
461 3045 502 3081 me
521 3030 632 3082 invitum
653 3031 730 3083 dome
749 3031 862 3082 extrusit
881 3031 915 3083 ab
934 3046 977 3082 se:

225 3113 369 3166 Mereatum
388 3114 426 3167 ire
445 3115 537 3168 iussit:
563 3117 601 3168 ibi
620 3117 669 3170 hoo
687 3117 785 3170 malurn
805 3133 853 3185 ego
872 3117 970 3169 inveni.

227 3199 277 3252 Ubi
297 3201 459 3269 voluptatem
479 3203 617 3270 aegritudo
637 3204 735 3269 vineat,
754 3203 816 3272 quid
835 3204 872 3256 ioi
892 3203 962 3255 inest
982 3203 1105 3256 amoeni?

86 3288 243 3354 Charinus
274 3287 370 3371 igitur
399 3290 691 3374 ,‚eompensatione“
722 3313 781 3356 non
812 3291 958 3355 itabens
983 3289 1255 3374 adhibitavolup-

88 3399 190 3454 tatem
213 3388 336 3473 petivit‚
361 3409 478 3473 exque
500 3411 576 3454 num
599 3391 698 3454 maior
718 3391 879 3474 aegritudo
903 3393 1029 3455 sortasse
1051 3389 1148 3476 possit
1170 3388 1255 3467 oriri,

84 3511 195 3556 seeum
224 3511 285 3552 non
315 3490 480 3574 reputavit.
521 3491 647 3575 Epicuri
670 3492 781 3574 dogma
805 3491 875 3576 quis
897 3500 960 3566 est,
990 3489 1067 3574 quin
1088 3488 1255 3573 agnoscet?

168 3591 212 3655 Ut
243 3589 396 3653 Charinus
419 3590 452 3653 in
475 3590 660 3672 Mercatore,
694 3591 739 3656 sio
772 3591 804 3655 in
829 3589 1059 3676 Amphitruone
1081 3589 1256 3654 Alcumena

86 3712 151 3755 non
173 3688 287 3752 vitavit
309 3688 519 3773 voluptatem,
549 3712 611 3775 qna
633 3700 737 3776 postea
759 3691 858 3756 maior
886 3690 971 3756 dolor
993 3690 1135 3754 efficitur.
1180 3691 1257 3754 Ver·

85 3790 176 3855 sibus
208 3788 293 3853 enim
319 3787 392 3852 inde
421 3790 460 3854 ab
491 3792 550 3856 633
581 3813 678 3876 usque
708 3791 745 3855 ad
769 3792 829 3856 643
851 3812 955 3855 secum
984 3791 1143 3875 queritur,
1176 3791 1257 3875 quod

85 3891 152 3971 vir,
186 3889 241 3973 qui
263 3888 466 3970 ‚‚usurarius“
488 3891 615 3974 quidem
639 3901 700 3974 est,
732 3891 819 3956 brevi
842 3897 1006 3977 postquam
1028 3889 1157 3955 advenit
1179 3890 1257 3955 iam·

85 3990 153 4054 iem
173 3988 303 4053 abierit:

87 4089 166 4143 Satin
184 4105 266 4157 parva
285 4105 327 4142 res
345 4098 387 4143 est
402 4090 567 4160 voluptatum
587 4092 615 4145 in
633 4094 688 4146 vita
707 4097 786 4161 atque
805 4093 834 4145 in
852 4096 938 4146 aetate
957 4091 1072 4160 agenda,

84 4175 236 4244 Praequam
256 4175 327 4244 quod
349 4175 535 4230 molestumstl
552 4178 591 4230 ita
605 4181 720 4249 quoique
741 4183 948 4248 eomparatumst
967 4179 995 4231 in
1008 4182 1095 4230 aetate
1108 4177 1256 4231 homiuum:

83 4263 126 4316 Ita
146 4261 214 4316 divis
233 4266 274 4315 est
292 4261 429 4331 placitum,
447 4264 610 4333 voluptatem
629 4270 660 4319 ut
677 4281 781 4319 maeror
799 4281 886 4320 eomes
906 4273 1098 4336 consequaturr
