3140 5068
793 446 999 510 „22-

317 626 434 687 πᾶσαν
455 619 576 708 ἡδονήν
592 622 788 706 αἱροίμεθα,
810 624 880 688 ἄλλ’
902 626 991 688 ἔστιν
1013 621 1067 686 ὅτε
1097 624 1220 697 πολλός
1240 623 1361 708 ἡδονάς
1382 623 1491 704 όπερ-

315 727 490 806 βαίνομεν,
524 721 605 788 ὅταν
634 725 750 788 πλείου
776 727 856 808 ἡμῖν
883 725 921 787 τδ
951 725 1105 804 δυσχερὲς
1134 725 1169 786 ἐκ
1198 717 1323 788 τούτων
1351 724 1488 804 ἕπηται·

317 822 371 885 καὶ
401 822 525 898 πολλός
560 821 741 906 ἀλγηδόνας
771 825 898 907 ’ἡδονῶν
934 829 1096 904 κρείττους
1124 827 1311 904 νομίζομεν,
1343 822 1492 885 ἐπειδᾶν

317 926 434 1003 μείζων
454 921 534 1008 ἡμῖν
553 923 654 1008 ἡδονή
683 924 919 1008 παρακολουθῇ
939 924 1044 987 πολῦν
1065 922 1183 1002 χρόνον
1204 923 1407 1003 ὑπομείνασι
1428 924 1491 995 τοὶς

318 1019 508 1106 ἀλγηδόνας.
557 1027 654 1087 πᾶσα
676 1013 734 1088 οῦν
756 1023 856 1110 ἡδονή
885 1024 941 1087 διδ
962 1025 1001 1087 τό
1024 1025 1124 1105 φύσιν
1147 1025 1232 1102 ἔχειν
1261 1020 1387 1086 οἰκείαν
1406 1023 1490 1102 α’γα-

317 1123 396 1202 θόν,
418 1123 455 1185 οῦ
477 1125 575 1187 πᾶσα
594 1130 706 1204 μέντοι
718 1123 774 1206 (γ’)
794 1121 916 1208 αἱρετή.
958 1121 1117 1204 καθάπερ
1139 1125 1193 1186 καὶ
1214 1122 1364 1207 οἰλγηδιδν
1388 1127 1492 1187 πᾶσα

318 1220 434 1301 κακόν,
463 1222 502 1286 οῦ
531 1225 631 1286 πᾶσα
652 1224 691 1285 δὲ
713 1223 766 1286 αἐὶ
797 1224 919 1307 φευκτὴ
943 1227 1118 1307 πεφυκυῖα.
1161 1228 1203 1308 τῇ
1229 1231 1340 1304 μέντοι
1362 1243 1491 1304 συμμε-

318 1321 430 1404 τρήσει
452 1322 506 1385 καὶ
529 1320 767 1406 συμφερόντων
795 1324 849 1386 καὶ
871 1321 1077 1405 α’συμφόρων
1104 1322 1223 1410 βλέψει
1244 1325 1350 1387 ταῦτα
1372 1321 1492 1385 πάντα

319 1429 437 1504 κρίνειν
469 1420 617 1508 καθήκει.
677 1422 839 1505 χρώμεθα
859 1426 919 1505 γάρ
948 1426 995 1504 τῷ
1032 1427 1094 1504 μέν
1129 1424 1249 1505 α’γαθῷ
1290 1422 1376 1486 κατά
1398 1447 1493 1498 τινας

318 1522 452 1604 χρόνους
474 1521 515 1598 ιός
536 1527 632 1604 κακρῑ,
655 1528 700 1606 τῷ
723 1525 869 1604 δελκανῷ
890 1521 1061 1604 τᾶμπαλιν
1081 1524 1123 1597 ιός
1144 1523 1272 1604 α’γαθῷ.
1284 1520 1309 1604 ¹)

402 1625 486 1689 Haec
512 1625 773 1710 compensationis
796 1625 936 1690 doctrina
965 1624 1091 1690 comicis
1122 1623 1222 1710 poetis
1243 1623 1334 1689 valde
1358 1623 1489 1708 placuit,

319 1724 401 1808 apud
432 1745 508 1808 quos
537 1724 657 1788 nullius
679 1724 825 1809 Epicurei
856 1725 964 1810 placiti
995 1724 1127 1806 vestigia
1149 1723 1274 1808 saepius
1296 1723 1490 1788 invenimus.

321 1824 388 1886 lam
411 1823 541 1906 mediae,
565 1845 643 1908 quae
658 1826 765 1905 fertur,
790 1824 965 1889 comoediae
989 1824 1134 1910 princeps
1152 1823 1263 1888 Alexis
1277 1845 1344 1886 eam
1361 1824 1491 1908 recapit,

325 1924 379 2007 qui
403 1922 503 1988 isdem
522 1927 584 1988 lere
597 1924 790 2011 temporibus
807 1923 918 2002 floruit,
943 1924 1057 2008 quibus
1068 1923 1231 2009 Epicurus
1253 1931 1284 1987 et
1304 1924 1415 2005 fragm.
1428 1925 1491 1988 295

323 2023 419 2104 (Kook
443 2025 474 2088 ll
496 2046 564 2109 pag.
588 2023 663 2104 402)
686 2032 808 2101 monet,
836 2032 872 2088 ut
893 2045 961 2088 eam
984 2024 1177 2109 voluptatem
1199 2023 1371 2106 fugiamus
1395 2044 1491 2107 quam

321 2131 428 2207 postea
450 2124 601 2189 damnum
622 2125 783 2209 sequitur:

530 2218 613 2293 φεῦγ’
633 2218 735 2295 ἡδονὴν
754 2221 894 2293 φέρουσαν
912 2215 1029 2293 ὕστερον
1045 2216 1155 2292 βλόβην.

324 2309 486 2394 Imprimis
508 2317 613 2375 autem
635 2312 718 2397 apud
741 2311 946 2375 Menandrum
971 2311 1052 2375 haud
1084 2331 1181 2395 pauca
1202 2309 1347 2394 exempla
1369 2310 1492 2373 inveni-

327 2416 430 2473 untur.
469 2409 613 2475 Primum
636 2420 812 2496 spectemus
834 2413 924 2495 frgm.
950 2413 1010 2476 648
1030 2410 1131 2493 (Koclr
1154 2410 1202 2475 ΙΙΙ
1222 2431 1290 2496 pag.
1318 2407 1407 2490 190:

534 2516 638 2582 γαμεῖν
657 2512 806 2582 κεκρικότα
825 2510 871 2564 δεῖ
886 2528 917 2563 σε
935 2503 1096 2580 γινώσκειν,
1116 2502 1157 2561 ότι

535 2589 649 2666 α’γαθῦν
665 2595 728 2668 μέγ’
748 2594 828 2662 ἕξεις,
847 2591 882 2649 ἄν
900 2590 985 2670 λα’βῃς
1001 2591 1105 2668 μικρὸν
1125 2596 1220 2649 κακόν.

326 2681 472 2746 Similem
499 2684 687 2749 sententiam
718 2685 831 2749 deinde
861 2684 894 2748 in
926 2687 1018 2768 frgm.
1048 2684 1109 2748 325
1142 2683 1242 2765 (Kock
1265 2686 1314 2750 lll
1345 2707 1413 2770 pag.
1437 2684 1492 2765 94)

327 2780 472 2864 legimus
494 2784 576 2868 quod
597 2785 681 2849 idem
703 2786 743 2849 ad
765 2785 1002 2849 matrimonium
1024 2784 1175 2870 pertinet:

691 2878 759 2954 πρὸς
776 2879 809 2936 τῦ
828 2879 935 2956 πρᾶγμ’
954 2881 1005 2956 έχω

538 2967 635 3029 κακῶς.
672 2971 698 3023 Β
714 2967 900 3043 ἐπαριστερῶς
918 2965 973 3041 γὰρ
993 2964 1061 3022 cairi
1080 2962 1240 3041 λαμβάνεις·

537 3051 571 3108 τό
593 3054 710 3130 δυσχερῆ
729 3053 784 3128 γὰρ
804 3059 851 3110 καὶ
869 3055 903 3111 τὰ
921 3053 1082 3128 λυπήσαντό
1100 3072 1131 3108 σε

542 3136 609 3213 δρᾷς
627 3139 659 3196 ἐν
677 3138 752 3215 αῦτῷ
772 3137 805 3195 τὰ
825 3142 852 3195 δ’
872 3138 961 3213 α’γόθ’
980 3138 1074 3196 οόκέτι
1093 3141 1211 3211 βλέπεις.

540 3223 634 3303 εὕροις
652 3225 681 3282 δ’
700 3224 735 3282 ἂν
755 3228 835 3284 οὐδὲν
849 3228 903 3282 τῶν
922 3223 1060 3294 ἇπόντων,
1080 3225 1195 3300 Σιμόλε,

540 3311 652 3386 ἀγαθὸν
672 3310 726 3388 ότῳ
746 3334 773 3369 τι
791 3312 830 3388 μὴ
849 3315 979 3388 πρόσεστι
998 3317 1045 3368 καί
1064 3318 1157 3368 κακον.

541 3397 612 3474 γυνὴ
632 3397 783 3474 πολυτελής
802 3400 855 3456 ἐστ’
874 3400 996 3476 όχληρόν,
1016 3396 1079 3454 οὔδ’
1098 3398 1131 3472 ἒᾷ

541 3488 589 3560 ζῆν
608 3484 656 3542 τὸν
674 3485 788 3558 λαβόνθ’
806 3484 826 3542 u‘
828 3510 842 3550 ς
859 3484 973 3559 βούλετ’.
1011 3483 1068 3540 ἄλλ’
1086 3485 1178 3541 ἔνεστί
1195 3504 1224 3539 τι

542 3571 653 3646 ἀγαθὸν
672 3577 716 3630 ἀπ’
735 3575 827 3648 αὐτῆς,
846 3576 950 3636 παῖδες·
970 3572 1078 3628 ἐλθόντ’
1098 3573 1139 3633 εἰς
1156 3567 1238 3626 νόσον

544 3657 592 3717 τόν
612 3662 711 3736 έχοντα
730 3662 835 3734 ταύτην
853 3660 1047 3737 ἐθεράπευσεν
1065 3659 1211 3734 ἐπιμελῶς,

543 3745 694 3823 ἀτυχοῦντι
713 3749 943 3821 συμπαρέμεινεν
962 3745 1145 3802 όποθανόντα
1165 3766 1196 3801 τε

543 3835 647 3903 ἔθαψε,
666 3835 856 3908 περιέστειλεν
876 3834 993 3895 οἰκείως·
1013 3829 1064 3906 ὅρα

544 3920 585 3982 εἰς
604 3921 695 3989 ταῦθ’,
714 3915 782 3974 όταν
800 3921 874 3998 λυπῇ
892 3941 919 3976 τι
938 3921 991 3975 τιῦν
1010 3917 1077 3976 καθ’
1098 3915 1213 3992 ἡμέραν.

545 4004 616 4063 οῦτω
633 4004 688 4081 γὰρ
708 4009 794 4069 οἴσεις
811 4011 867 4063 πᾶν
886 4004 916 4062 τὸ
935 4003 1051 4079 πρᾶγμ’.
1088 4003 1125 4060 ἄν
1143 4007 1162 4060 δ
1167 4003 1175 4022 '
1193 4004 1294 4081 έκλέγῃ

408 4097 440 4153 15
548 4091 593 4150 ciel
614 4091 645 4148 τό
664 4094 777 4158 λυποῦν,
796 4095 886 4167 μηδὲν
904 4095 1139 4165 ἀντιπαρατιθεὶς

547 4181 603 4236 τῶν
619 4181 863 4257 προσδοκωμένων,
882 4177 1012 4249 όδυνήσει
1030 4177 1077 4234 διὰ
1096 4181 1198 4240 τέλους.

339 4283 532 4292 -.---

410 4322 435 4391 l)
455 4321 493 4376 cf.
515 4322 569 4377 (lio.
588 4323 621 4377 de
639 4323 712 4377 finib.
731 4324 802 4377 148.
