3140 5068
834 389 1017 451 ,6-

337 567 553 653 philosophiae
576 566 709 630 Graecae
732 568 897 632 scientiam
928 588 965 630 ex
988 566 1127 630 lontibus
1158 562 1235 648 ipsis
1265 563 1421 638 hausisse,
1453 564 1507 626 hoo

338 676 385 732 est
407 667 662 752 philosophorum
681 667 797 751 scripta
815 667 937 750 legisse,
958 688 1011 751 per
1028 688 1060 730 se
1072 675 1156 750 patet
1177 685 1277 748 neque
1295 663 1360 727 ulla
1382 664 1507 727 demon·

338 767 488 831 stratione
505 766 642 848 indiget3
662 766 744 829 unde
762 767 905 851 sequitur
924 767 1005 837 locos
1024 764 1262 850 philosophicos
1280 764 1335 848 qui
1354 763 1386 827 in
1403 785 1508 828 eornm

339 867 455 932 fabulis
478 865 588 950 scripti
610 865 767 947 leguntur,
791 888 806 930 e
828 866 956 930 Graecis
979 865 1140 950 exemplis,
1165 886 1243 948 quae
1264 864 1314 928 illi
1337 864 1508 939 vertebant,

338 966 492 1049 originem
514 965 636 1029 ducere.
681 965 788 1030 Graeci
806 976 911 1031 autem
932 977 1039 1051 poetae
1054 987 1115 1028 non
1131 965 1231 1029 solum
1256 964 1507 1050 philosophorum

339 1064 435 1129 libros
458 1086 580 1128 summo
603 1086 673 1128 cnm
697 1066 800 1131 studio
824 1066 977 1147 legebant,
1002 1065 1054 1129 sed
1073 1065 1168 1129 etiam
1185 1085 1420 1149 nonnumquam
1444 1065 1510 1130 sive

339 1164 433 1228 huius
455 1164 522 1228 sive
544 1163 632 1228 illius
654 1166 834 1230 ferebantur
852 1165 1012 1250 discipuli,
1036 1186 1112 1249 quos
1133 1165 1170 1228 cd
1187 1163 1353 1246 magistros
1377 1166 1510 1230 libenter

339 1285 372 1328 se
395 1263 569 1350 applicasse
592 1264 737 1328 mirabile
759 1265 860 1328 videri
884 1286 944 1330 non
966 1265 1065 1329 debet.

423 1363 482 1427 Sed
511 1372 545 1427 ut
574 1385 640 1428 rem
671 1363 770 1449 ipsam
796 1365 924 1430 iamiam
955 1365 1173 1447 aggrediamur
1195 1375 1227 1429 et
1256 1365 1348 1429 rebus
1379 1365 1510 1449 philoso-

339 1462 457 1547 plicis,
491 1463 662 1547 inquibus
690 1473 756 1528 tota
785 1465 860 1528 haec
889 1464 1160 1549 disputatiuncula
1189 1476 1347 1547 versatur,
1381 1465 1511 1548 dignum

340 1562 499 1647 capiamus
529 1563 675 1642 initium,
708 1586 727 1627 a
755 1564 804 1628 dis
832 1564 1066 1630 immortalibus
1095 1565 1284 1651 incipiamus
1317 1576 1348 1629 et
1372 1566 1509 1651 primum

339 1662 468 1747 Epicuri
497 1664 535 1728 de
564 1664 613 1728 dis
643 1664 815 1728 doctrinam
845 1665 1020 1732 accuratius
1042 1675 1220 1745 tractemus,
1252 1676 1295 1744 ut,
1326 1666 1402 1750 quid
1428 1666 1509 1750 apud

342 1775 449 1848 poetas
471 1764 603 1830 comicos
627 1764 771 1843 valuerit,
793 1773 949 1848 appareat.

733 2043 876 2162 Caput
901 2042 1118 2162 primurn.

398 2209 448 2276 De
470 2211 609 2296 Epicuri
626 2213 832 2296 placitorum
856 2213 944 2298 apud
964 2217 1086 2298 poetas
1110 2211 1255 2281 comicos
1278 2213 1450 2297 vestigiis.

424 2345 500 2406 θεοὶ
521 2349 584 2426 μὲν
597 2345 659 2426 γάρ
674 2344 759 2411 εἰσίν
775 2349 879 2433 inquit
894 2349 960 2435 ipse
979 2371 1026 2435 ep.
1042 2347 1127 2430 111¹)
1144 2348 1247 2432 (D-iog.
1261 2349 1361 2411 Laert.
1378 2347 1407 2410 X
1423 2346 1512 2427 123),

342 2443 476 2528 ἐναργής
495 2445 558 2526 γάρ
576 2445 686 2508 αὐτῶν
702 2448 794 2511 ἐστιν
816 2448 979 2531 ῇγνῶσις.
1020 2445 1106 2522 οῖοος
1129 2448 1158 2510 δ’
1180 2445 1298 2520 asinario
1315 2444 1375 2531 (oi)
1397 2444 1513 2510 πολλοὶ

343 2547 541 2625 νομίζουσιν,
572 2544 631 2610 oda
660 2544 753 2612 εἰσίν.
806 2549 846 2613 Et
877 2552 1027 2633 prolecto,
1062 2547 1152 2630 longe
1182 2544 1275 2610 aliter
1294 2559 1389 2631 atque
1418 2543 1513 2610 ceteri

288 2707 291 2714 ,
343 2644 468 2709 illorum
503 2654 679 2732 temporum
713 2648 889 2735 philosophi
924 2649 963 2713 dc
996 2647 1045 2711 dis
1075 2647 1227 2712 iudicavit
1256 2646 1426 2731 Epicurus,
1460 2644 1512 2730 qui

343 2765 468 2808 omnem
487 2746 569 2828 vim,
601 2767 725 2811 omnem
748 2756 953 2834 potestatem,
982 2768 1107 2812 ornnem
1129 2745 1306 2831 imperandi
1329 2767 1390 2810 nou
1412 2745 1513 2809 solurn

344 2843 397 2907 sed
420 2845 515 2909 etiam
538 2845 665 2910 omnino
694 2847 806 2930 agendi
832 2849 1016 2912 facultatem
1038 2847 1078 2910 iis
1101 2846 1238 2930 dempsit
1261 2846 1320 2927 ita,
1344 2855 1378 2910 ut
1400 2855 1513 2920 essent,

344 2943 400 3026 qui
432 2945 494 3008 nisi
527 2945 649 3010 iocandi
692 2968 784 3011 causa
817 2947 889 3012 deos
923 2968 995 3010 eum
1034 2967 1094 3009 non
1128 2945 1289 3010 induxisse
1323 2944 1514 3030 putarent.²)

345 3041 557 3124 εὐδαιμονίαν
579 3046 662 3109 enirn
686 3046 792 3126 illam,
816 3048 970 3131 adquam
993 3048 1060 3132 ipse
1081 3045 1224 3110 homines
1247 3046 1358 3109 ducere
1382 3044 1514 3124 volebat,

345 3165 470 3208 ornnem
493 3145 542 3209 dis
566 3146 722 3228 attribuit,
742 3167 852 3230 neque,
875 3168 945 3211 oum
966 3169 1004 3210 ne
1026 3147 1196 3210 minimum
1214 3145 1340 3229 quidem
1357 3145 1516 3230 patiantur

347 3243 485 3324 malurn,
526 3266 632 3310 eorum
667 3245 732 3309 vita
772 3247 944 3331 quidquam
984 3246 1104 3310 beatius
1147 3245 1196 3310 vel
1237 3245 1382 3309 omnibus
1428 3245 1515 3309 bonis
1567 3265 1568 3270 ¹

347 3344 527 3408 affluentius
549 3345 677 3428 cogitari
710 3367 799 3431 posse
829 3346 998 3411 contendit.
1042 3346 1162 3422 Quibus
1183 3344 1411 3428 voluptatibus,
1441 3366 1515 3428 quo-

349 3443 433 3507 niam
458 3443 651 3510 immortales
674 3456 765 3524 sunt,
796 3447 868 3511 deos
889 3465 1062 3530 numquam
1086 3445 1147 3508 l'rui
1176 3445 1318 3509 desinere
1342 3466 1395 3529 per
1417 3466 1450 3508 se
1470 3455 1515 3510 est

348 3564 558 3627 persprcunm.
1368 3569 1371 3576 ·

431 3643 476 3706 Ol.
500 3645 591 3726 lrgm.
610 3645 670 3708 361
694 3645 841 3730 (scriptor
852 3645 1024 3729 Epicureus
1043 3642 1229 3727 [Plutarchi]
1247 3645 1284 3709 de
1304 3644 1381 3730 plao.
1405 3643 1516 3730 philos.

352 3744 436 3822 17,7
461 3765 527 3828 pag.
540 3745 602 3810 300
614 3743 674 3825 D):
698 3747 810 3817 κοινῶς
831 3734 891 3808 οὖν
912 3742 1160 3826 ἁμαρτάνουσιν
1179 3742 1363 3826 άμμόιεροι
1378 3743 1517 3824 (Ἀναξα-

348 3839 445 3924 γόρας
466 3843 520 3905 καὶ
534 3840 693 3926 Πλάτων)
715 3840 765 3908 ὅτι
787 3847 846 3908 ιον
861 3846 945 3908 θεάν
963 3847 1125 3927 ἐποίησαν
1147 3841 1431 3926 ἐπιστρεφόμενον
1453 3846 1518 3906 τοῖν

350 3942 575 4026 ἀνθρωπίνων
607 3944 661 4006 καὶ
694 3941 812 4008 τούτου
848 3942 945 4025 χάριν·
976 3946 1035 4007 τόν
1067 3943 1192 4026 κόσμον
1222 3940 1517 4022 κατασκευάζοντα.

423 4129 449 4197 1)
468 4126 601 4198 Epicurea
620 4129 661 4182 ed.
680 4129 790 4196 Usener,
825 4131 898 4200 Lips.
919 4131 993 4185 1887.

420 4215 448 4283 2)
467 4215 558 4270 Gicero
577 4216 609 4269 dc
629 4216 711 4271 divin.
730 4217 807 4270 1140.
