3140 5068
850 462 1061 526 ,50-

479 641 568 710 Atque
586 641 595 692 i
614 656 643 694 se
662 655 739 709 quom
759 640 896 706 trusirent,
914 641 1036 694 frustrari
1054 639 1121 694 alios
1140 640 1229 694 stolidi
1248 643 1410 696 existimant.

468 726 544 780 Sicut
562 731 604 780 est
621 727 680 793 hie,
708 742 785 795 quem
806 742 864 780 esse
883 727 994 780 amicum
1016 731 1089 780 ratus
1108 743 1165 780 sum
1185 731 1265 796 atque
1283 730 1360 798 ipsus
1379 747 1434 782 sum
1451 728 1509 780 milri:

465 812 513 864 Illa
532 812 602 882 quod
621 813 651 865 in
668 828 697 866 se
715 813 767 865 init
786 820 940 866 accuratum
959 813 1055 866 babuit
1073 812 1143 882 quod
1162 821 1252 881 posset
1270 815 1332 867 mali

466 898 576 952 Faceret
593 899 622 952 in
643 914 693 963 me,
719 899 903 952 inconciliaret
921 900 1012 967 copias
1031 899 1117 952 omnis
1135 915 1215 952 meas.

387 981 437 1038 Pi:
464 985 615 1054 Improbum
635 986 724 1037 istunc
744 1000 803 1038 esse
821 989 926 1053 oportet
944 985 1084 1038 hominem.

445 1071 492 1135 Ex
514 1071 607 1137 Ovidi
629 1071 787 1135 Tristibus
809 1093 918 1136 omnes
942 1072 1019 1136 bene
1040 1073 1183 1138 novimus
1205 1075 1413 1138 sententiam:

467 1170 557 1226 Donec
574 1171 627 1224 eris
645 1171 718 1237 felix,
736 1169 834 1223 multos
853 1172 1006 1224 numerabis
1026 1173 1134 1239 amicos,

521 1259 652 1326 Tempora
671 1259 693 1310 si
712 1257 811 1310 tuerint
830 1257 931 1324 nubila,
950 1257 1022 1310 solus
1041 1260 1102 1312 eris.

367 1348 413 1411 Ne
435 1347 515 1412 hanc
538 1345 666 1430 quidem
690 1344 877 1430 sapientiam
898 1346 1015 1410 frustra
1032 1347 1114 1432 apud
1127 1348 1350 1434 Peripateticos
1365 1346 1508 1452 indagatis.

447 1465 493 1530 cf.
515 1463 585 1528 Eth.
609 1463 686 1543 Eud.
710 1463 771 1527 VH
791 1466 817 1542 1,
838 1465 894 1527 16:
916 1463 964 1524 ἔτι
985 1462 1078 1527 δοκεῖ
1096 1468 1164 1539 τοῖς
1184 1469 1246 1546 μὲν
1265 1465 1380 1549 ῥᾴδιον
1399 1467 1436 1528 το
1454 1459 1508 1545 κει]-

364 1567 495 1629 σασθαι
511 1562 616 1647 φίλον,
637 1565 705 1635 τοῖς
722 1561 759 1624 dd
781 1561 1013 1627 σπανιώτατον
1033 1568 1161 1645 γνῶναι,
1182 1565 1237 1628 καὶ
1258 1564 1317 1629 οὐκ
1339 1567 1509 1647 ἐνδέχεσθαι

364 1660 447 1726 ἄνευ
469 1663 628 1744 εὐτυχίας.
670 1666 738 1736 τοῖς
759 1663 820 1744 adp
838 1651 877 1726 sei
893 1664 1077 1742 πράττουσι
1094 1666 1269 1748 βούλονται
1286 1664 1410 1741 πάντες
1425 1666 1509 1727 δοκεῖν

365 1771 454 1855 φίλοι
475 1762 568 1834 εἶναι.
611 1767 643 1833 οἱ
672 1769 702 1833 d'
723 1769 803 1834 ου’δὲ
830 1773 898 1841 τοῖς
927 1767 1201 1848 συνδιαμένουσιν
1232 1767 1270 1830 ἐν
1297 1771 1370 1841 ταῖς
1390 1766 1509 1845 α’τυχιόις

366 1871 498 1947 α’ξιοῦσι
519 1868 705 1948 πιστεύειν,
735 1868 779 1943 ὦς
800 1869 1035 1944 ἐξαπατῶντας
1062 1867 1117 1929 καὶ
1141 1878 1447 1948 προσποιουμένους,
1470 1860 1508 1925 ἵνα

364 1969 549 2056 κτήσωνται
570 1969 628 2034 δια
649 1971 706 2054 τῆς
727 1972 796 2031 τῶν
817 1968 1026 2049 ἀτυχούντων
1046 1967 1175 2049 ὁμιλίας
1194 1965 1299 2030 πάλιν
1314 1963 1509 2048 εὐτυχούντων·

364 2071 487 2154 φιλιαν.

447 2178 533 2243 Idem
556 2184 662 2242 autem
686 2176 764 2242 dicit
786 2178 957 2242 Menander
976 2179 1068 2260 frgm.
1095 2177 1152 2240 691
1177 2175 1277 2258 (Koelr
1297 2177 1345 2241 III
1364 2196 1428 2262 pag.
1443 2169 1507 2248 leet:

576 2271 680 2350 χρυσὸς
697 2275 752 2348 μὲν
771 2271 847 2329 οἶδεν
863 2272 1059 2349 ἐξελέγχεσθαι
1077 2277 1153 2347 πυρί,

575 2356 592 2435 ἦ
611 2357 642 2414 d'
660 2360 692 2416 ἐν
709 2363 801 2431 φίλοις
820 2359 919 2416 εὔνοια
938 2359 1026 2434 καιρῷ
1043 2363 1180 2435 κρίνεται.

367 2451 407 2516 Et
428 2452 519 2535 frgm.
539 2453 599 2517 692
621 2449 722 2533 (Koclr
746 2450 793 2515 ΙΙΙ
814 2472 884 2536 pag.
910 2449 1001 2531 199):

575 2547 664 2623 καιρῷ
683 2545 732 2603 τὸν
751 2545 920 2621 εὗτυχοῦντο
940 2547 1099 2602 κολακεύων
1117 2548 1196 2615 φίλος

574 2634 675 2708 καιροῦ
693 2635 773 2703 φίλος
790 2633 924 2702 πέφυκεν,
945 2629 1007 2706 enixe*
1025 2631 1075 2687 τοῦ
1092 2635 1183 2702 φίλου.

368 2725 397 2788 Α
420 2724 534 2808 quibus
557 2723 690 2789 minime
712 2722 890 2787 discordant
910 2722 1011 2787 Stichi
1032 2722 1197 2788 Plautinae
1218 2745 1248 2787 v.
1268 2724 1329 2787 519
1346 2743 1390 2806 sq.

473 2823 549 2876 Satin
570 2839 618 2891 ego
637 2827 723 2876 tecum
743 2821 898 2890 pacificatus
917 2838 975 2876 sum
995 2820 1134 2892 Antipho?
1533 2853 1534 2872 t

368 2926 609 3011 Pamphilippus
631 2947 647 2990 e
670 2947 772 2991 socero
794 2927 958 3010 quaesivit.

403 3031 514 3095 Quando
532 3033 570 3084 ita
589 3048 641 3085 reni
661 3033 792 3100 gessistis,
815 3025 920 3111 inquit
939 3027 1000 3105 hio,
1028 3037 1059 3086 ut
1077 3048 1124 3085 ros
1143 3031 1210 3084 velle
1237 3033 1389 3101 amicosque
1413 3027 1507 3082 addecet

401 3123 456 3176 Pex
475 3129 682 3192 commersqucst
700 3125 775 3177 robis
794 3141 905 3179 mecum.
932 3143 993 3180 nam
1012 3127 1062 3179 hoc
1080 3130 1110 3179 tu
1127 3125 1218 3190 facito,
1236 3129 1267 3178 ut
1285 3127 1398 3194 cogites:

401 3209 437 3263 Ut
456 3211 570 3278 quoique
589 3209 689 3263 homini
708 3227 749 3264 res
767 3217 900 3281 paratam,
919 3213 1027 3282 perinde
1046 3213 1138 3266 amicis
1154 3212 1255 3264 utitur:

402 3295 430 3348 si
449 3313 491 3349 res
511 3295 594 3362 firma,
613 3298 675 3351 item
693 3297 760 3351 firmi
782 3299 859 3352 amici
879 3304 956 3353 sunt:
977 3300 1018 3353 siu
1037 3315 1079 3352 res
1098 3298 1157 3351 laxe
1175 3298 1256 3363 labat,

403 3381 496 3434 ltidem
514 3384 591 3437 amici
610 3384 817 3438 conlabaseunt:
839 3402 880 3439 res
899 3387 997 3440 amicos
1016 3385 1125 3439 invenit.

367 3467 486 3543 Quibus
502 3477 574 3554 apte
590 3491 754 3555 possumus
766 3472 935 3555 adiungere
947 3473 1089 3537 eiusdem
1105 3470 1225 3535 fabulae
1239 3490 1350 3534 versus
1361 3456 1507 3534 ron-414.

367 3566 422 3630 ubi
437 3567 628 3652 Epignomus
650 3572 780 3636 eandem
797 3573 983 3637 sententiam
1000 3574 1132 3658 profert:
1148 3571 1257 3634 divitis
1276 3569 1410 3635 hominis
1425 3575 1509 3631 omnes

367 3665 483 3731 amicos
506 3688 572 3732 esse
592 3668 691 3734 velle:

561 3766 645 3830 Quom
663 3769 728 3822 bene
746 3786 775 3822 re
793 3774 868 3838 gesta
886 3771 973 3824 salvos
992 3777 1132 3842 coprortor
1150 3771 1265 3836 domurn,

562 3853 686 3923 Neptuno
707 3860 796 3924 grates
815 3855 899 3910 habeo
918 3862 945 3912 et
963 3859 1183 3927 tempestatibus:

562 3939 646 3994 Simul
666 3939 805 4010 Mercurio,
825 3944 870 4012 qui
889 3960 929 3997 me
948 3946 976 3997 in
994 3944 1171 3998 mercimoniis

561 4024 631 4078 Iuvit
648 4025 782 4096 lucrisque
802 4029 1016 4100 quadruplicavit
1033 4047 1087 4084 rem
1107 4047 1200 4084 meam.

562 4111 631 4165 Olim
649 4129 715 4181 quoa
734 4115 826 4168 abiens
846 4115 931 4170 adieci
951 4118 1122 4185 aegrimonia,

565 4196 621 4250 Eos
639 4215 711 4252 nunc
730 4199 854 4254 laetantis
872 4202 965 4256 inciam
986 4203 1101 4258 adventu
1119 4220 1186 4257 meo.

565 4283 634 4336 Nam
653 4287 705 4339 iam
725 4288 905 4356 Antiphonem
924 4293 1035 4344 conveni
1054 4291 1168 4344 adfinem
1187 4307 1273 4344 mcum
