3140 5068
824 409 1031 506 ...457-

344 587 514 673 respiciens
535 588 656 652 fabulas
674 588 707 652 in
730 609 819 652 usum
840 589 1001 656 rhetorum
1021 589 1229 673 composuisse
1253 589 1405 653 dicatur.
1456 587 1528 661 Quae

341 710 411 752 cum
437 688 482 752 ita
506 688 579 767 sint,
605 688 777 752 verisimile
801 711 902 754 nonne
924 689 1015 752 debet
1037 675 1138 781 videri
1160 695 1265 774 poetas
1290 688 1416 772 potius
1436 686 1527 750 Theo·

342 788 461 874 phrasti
485 789 601 874 scripta
624 788 736 872 legisse
761 809 853 872 quam
877 788 1073 866 Aristotelis,
1108 787 1290 874 praesertim
1328 810 1416 851 cum
1444 786 1528 849 huius

345 888 418 952 libri
442 889 487 952 ita
504 889 648 952 difficiles
682 895 786 952 esseut
815 888 995 968 intellectu,
1027 896 1061 952 ut
1081 877 1176 952 vix'a
1198 887 1377 972 discipulis
1405 895 1527 972 possent

345 989 497 1072 intellegi,
518 988 723 1073 Theophrasti
739 1001 843 1052 autem
863 997 943 1052 esset
963 987 1132 1073 proprium,
1151 996 1194 1065 ut,
1212 987 1366 1072 quamvis
1382 984 1528 1067 magistri

344 1088 477 1172 vestigia
499 1095 670 1173 premeret,
702 1096 805 1152 tamen
841 1087 991 1152 nonnulla
1022 1088 1126 1151 minus
1156 1095 1329 1168 severeet
1362 1086 1477 1169 magis
1497 1085 1529 1147 ad

344 1209 542 1254 communem
572 1208 698 1252 sensum
726 1196 888 1268 tractaret,
917 1199 947 1252 et
976 1188 1066 1272 longe
1089 1189 1229 1252 suaviore
1257 1197 1358 1272 atque
1386 1189 1528 1252 faciliore

344 1310 437 1375 quam
460 1287 646 1352 Aristoteles
668 1287 824 1352 scribendi
845 1293 961 1371 genere
978 1287 1140 1352 uteretur?

426 1405 632 1491 Theophrasti
648 1405 738 1484 liber,
761 1405 816 1489 qui
833 1405 1003 1490 inscriptus
1020 1416 1086 1470 erat
1101 1404 1177 1486 περὶ
1192 1403 1311 1490 φιλίας,
1337 1412 1528 1490 temporum

344 1506 495 1571 duritiam
523 1527 584 1570 non
607 1505 755 1592 pertulit,
788 1505 841 1570 sed
874 1507 998 1570 restitui
1032 1513 1132 1592 potest
1155 1527 1193 1570 ex
1215 1505 1382 1570 Ciceronis
1411 1505 1526 1570 Laelio.

344 1605 496 1690 quitctus
513 1627 602 1670 exeo
624 1606 747 1691 pendet,
772 1614 803 1669 et
818 1606 977 1679 Plutarchi
997 1605 1131 1691 scriptis
1145 1605 1166 1685 ¹)
1210 1602 1320 1689 Itaque
1339 1613 1526 1690 praecepta

344 1728 423 1790 quae
451 1707 533 1792 apud
562 1706 743 1770 Ciceronem
766 1714 797 1769 et
817 1706 1025 1770 Plutarchum
1046 1706 1202 1788 leguntur,
1233 1723 1280 1769 'cx‘
1303 1705 1526 1792 Theophrasti

343 1806 423 1872 libro
439 1806 566 1870 fluxisse
584 1805 831 1870 concludendum
848 1814 904 1884 est,
928 1807 1110 1891 praesertim
1132 1807 1158 1870 si
1181 1805 1289 1870 eadem
1309 1806 1419 1870 etiam
1446 1805 1525 1891 apud

341 1906 546 1971 Aristotelem
575 1905 789 1969 inveniuntur.
835 1906 921 1982 Quod
950 1915 1055 1969 autern
1085 1905 1123 1969 ad
1146 1912 1284 1970 nostram
1312 1914 1524 1987 argumenta-

343 2006 461 2071 tionem
484 2005 608 2083 attinet,
632 2005 790 2089 imprimis
813 2006 995 2070 Aristotelis
1018 2006 1134 2091 scripta
1155 2005 1370 2090 respiciemus,
1402 2005 1523 2090 quippe

342 2127 421 2191 quae
437 2105 559 2187 integra
576 2113 699 2169 servata
716 2105 790 2186 sint,
813 2107 876 2185 sed,
899 2105 1044 2190 quotiens
1062 2105 1129 2169 fieri
1146 2113 1256 2190 potest,
1278 2105 1523 2190 Theophrastus

343 2226 465 2290 quoque
487 2225 564 2268 num
587 2204 672 2268 idem
694 2204 843 2286 docuerit,
868 2215 1061 2290 quaeremus.

343 2393 346 2401 y
425 2320 610 2386 Aristoteles
629 2321 698 2386 Eth.
712 2322 779 2386 Nic.
793 2323 870 2386 VIII
886 2327 912 2405 1,
928 2327 942 2387 l
967 2324 1211 2409 disputationem
1230 2323 1444 2388 deamicitia
1468 2324 1519 2386 hoc

345 2422 436 2487 modo
458 2421 589 2508 incipit:
619 2418 720 2483 Marci
749 2421 787 2483 δὲ
808 2424 1010 2504 caricampi
1033 2424 1140 2506 φιλίας
1162 2423 1266 2486 ἔποφ’
1287 2419 1332 2486 o'ir
1354 2411 1519 2488 διελθεῖν.

344 2517 414 2585 ἔστι
433 2521 494 2602 γοὲρ
514 2517 614 2605 α’ρετή
637 2544 685 2596 τις
706 2517 728 2605 ἢ
749 2522 820 2602 μετ’
841 2523 968 2607 α’ρετῆς,
990 2525 1037 2587 ἔτι
1059 2516 1089 2585 δ’
1103 2515 1364 2605 ἀναγκαιότατον
1388 2523 1441 2598 εἷς
1467 2525 1520 2586 adr

342 2625 425 2703 βίον.
475 2616 556 2684 ἄνευ
581 2621 642 2702 γοέρ
672 2621 776 2704 φίλων
794 2621 901 2696 οὐδεὶς
931 2623 1025 2686 ἕλοιτ’
1053 2621 1096 2687 cir·
1126 2627 1197 2708 ζῆτ’,
1224 2613 1311 2705 Ιἔχων
1338 2624 1383 2687 τοί
1415 2623 1519 2688 λοιπά

343 2719 458 2802 ripatici
478 2719 600 2783 πάντα.
644 2723 743 2798 Quam
765 2722 1008 2808 Peripateticum
1030 2726 1218 2790 sententiam
1241 2726 1348 2790 Cicero
1372 2725 1410 2790 in
1437 2727 1518 2790 hunc

345 2822 472 2901 modum
496 2823 609 2885 format
630 2829 661 2885 et
683 2821 832 2907 exprimit
847 2823 930 2887 Lael'.
943 2827 1000 2889 ⁸22:
1025 2825 1087 2905 Qui
1104 2832 1288 2910 potestesse
1310 2826 1372 2889 nita
1397 2825 1517 2898 vitalia,

344 2924 436 2986 uicit
448 2921 584 2994 Ennius,
606 2943 687 3006 quac
707 2943 771 2986 αοιι
793 2924 943 3006 ιἰιοοιίαί
966 2932 1076 2988 mutua
1094 2925 1300 2990 benivolentia
1316 2927 1517 3010 conquiescit.

344 3023 436 3088 Unde
457 3022 819 3107 apparetPeripateticos
838 3025 996 3114 amicitiae
1020 3047 1221 3110 permagnam
1243 3027 1310 3091 vim
1330 3027 1518 3091 attribuisse

344 3122 631 3206 eamquesummis
654 3123 799 3187 laudibus
822 3125 929 3188 efferre
952 3126 1059 3190 solitos
1077 3147 1152 3191 esse.
1196 3125 1384 3190 Huiusmodi
1405 3127 1517 3190 laudes

344 3222 403 3285 etsi
426 3221 509 3306 apud
524 3219 664 3298 ¹comicos
686 3244 808 3306 quoque
841 3233 944 3308 poetas
970 3225 1159 3305 invenimus
1191 3235 1307 3307 tamen,
1331 3248 1369 3291 ne
1391 3233 1515 3292 temere

342 3321 382 3386 ad
403 3321 648 3406 Peripateticum
670 3323 788 3386 fontem
812 3326 1000 3405 referamus,
1031 3327 1204 3391 cavendum
1228 3334 1291 3404 est,
1322 3347 1391 3391 cum
1419 3329 1516 3391 etiam

348 3420 501 3505 Epicurus
522 3421 697 3486 amicitiam
719 3423 850 3508 plurimi
871 3425 1094 3500 aestimaverit.

427 3539 472 3602 ef.
498 3541 587 3622 lrgm.
610 3519 768 3620 tusleio.
793 3542 830 3605 de
853 3543 938 3609 finib.
963 3545 1086 3625 1180):
1124 3545 1219 3609 Ratio
1241 3547 1317 3622 istc,
1342 3565 1443 3625 quum
1468 3545 1517 3607 de-

346 3636 467 3720 fendis,
486 3646 654 3724 praecepta
677 3661 757 3724 quae
779 3642 934 3723 didicisti,
958 3668 1037 3732 quoe
1057 3647 1182 3726 probus,
1202 3645 1352 3729 funditus
1374 3651 1517 3710 auertunt

346 3738 542 3901 pedagogam,
572 3741 717 3820 quumvis
731 3741 806 3804 'eam
828 3743 1009 3825 Epicurus,
1025 3753 1065 3857 'ut
1084 3745 1181 3829 fucit,
1204 3748 1238 3810 ιἰι
1254 3745 1381 3820 Ιιοοίιαιι
1403 3745 1517 3828 efferat

359 3858 401 3900 au
431 3885 570 4021 Etlliog.
583 3938 616 4002 L.
635 3938 665 4024 X
685 3941 760 4003 148:
780 3925 826 3998 dv
848 3935 866 4016 'l
890 3941 990 4014 σοφία
1013 3929 1297 4013 παρασκευάζεται
1317 3931 1362 4005 εἰς
1383 3929 1445 4016 τήν
1460 3934 1518 3992 rori

347 4031 423 4100 ὅλου
444 4041 519 4119 βίου
535 4034 769 4130 μακαριότητα,
791 4034 877 4099 aoid
892 4033 1046 4116 μέγιστοι·
1061 4036 1151 4096 ἐστιν
1166 4031 1186 4117 ἡ
1200 4034 1256 4116 ’τῆς
1270 4029 1377 4114 φιλίας
1395 4035 1516 4116 κτῆσις.

420 4235 446 4304 1)
465 4234 504 4288 cf.
523 4234 642 4304 lleylbut
661 4233 885 4301 deTheophrasti
905 4233 980 4285 libris
999 4233 1064 4304 περὶ
1083 4233 1184 4300 φιλίας.
1217 4231 1326 4286 Bonnae
1344 4249 1368 4285 a.
1389 4231 1464 4284 1876.
