3140 5068
711 395 1036 470 ‚-1t-

348 592 405 636 sua
426 572 567 636 doctrine
597 571 707 636 mortis
737 587 854 634 metum
885 591 974 656 posse
1004 570 1156 634 semoveri
1189 579 1220 634 et
1249 570 1281 633 in
1304 578 1393 633 tante
1422 568 1503 651 glorie

345 681 410 735 emt
432 673 488 736 boc
510 672 630 736 dietum
654 670 673 733 d
696 671 844 744 θάνατος
864 670 962 734 οὐδὲν
984 670 1068 749 πρὸς
1087 669 1183 750 ἡμᾶς,
1204 679 1241 734 ut
1261 693 1281 734 a
1295 669 1460 754 discipulis
1479 669 1503 732 in

347 794 476 838 numero
497 777 616 852 κυρίων
636 771 744 846 δοξῶν
765 773 964 857 reciperetur.
1008 771 1128 847 Quibus
1158 771 1322 836 decausis
1357 793 1419 836 nou
1444 770 1504 832 licet

347 873 494 941 dubitari,
506 873 582 956 quin
595 872 660 936 illis
669 873 863 957 temporibus
876 872 932 934 hoc
948 882 1146 956 praeceptum
1155 871 1188 934 in
1200 871 1405 934 omniumore
1417 871 1505 934 luerit.

430 990 466 1053 ln
489 999 597 1070 morte,
618 1001 652 1054 ut
673 991 764 1053 modo
784 990 933 1066 vidimus,
956 1010 1026 1052 cum
1047 987 1154 1052 omnia
1171 988 1335 1065 intereant,
1360 1009 1418 1050 nec
1435 987 1521 1070 quie

348 1110 443 1172 quem
464 1090 603 1154 bominis
624 1100 799 1166 remanent,
834 1089 913 1152 nibil
938 1089 1036 1170 igitur
1056 1089 1115 1168 sit,
1148 1089 1230 1171 quod
1254 1099 1323 1173 post
1345 1088 1446 1151 vitam
1466 1107 1509 1150 nos

347 1188 515 1274 adepturos
546 1208 613 1252 esse
646 1189 696 1252 dis
729 1189 908 1252 iacentibus
940 1210 1064 1272 sperare
1096 1188 1268 1272 possimus,
1311 1188 1393 1250 benc
1424 1187 1509 1250 vitan

351 1288 472 1352 beatam
495 1289 607 1370 degere
624 1289 710 1352 omni
733 1289 824 1352 modo
845 1289 1037 1352 studendum
1061 1299 1118 1350 est
1161 1288 1249 1364 Quod
1271 1297 1304 1351 nt
1325 1288 1427 1372 possit
1447 1287 1511 1360 fieri,

350 1387 518 1472 imprimis
544 1409 582 1452 ne
599 1388 696 1452 nimis
718 1388 862 1468 „longam
881 1409 968 1473 spem
993 1388 1195 1451 incobemus“
1218 1387 1391 1452 cavendnm
1411 1397 1466 1467 est,
1483 1407 1514 1448 ne

353 1499 477 1572 propter
506 1509 559 1567 ee,
592 1509 672 1571 quae
701 1488 856 1572 petimuS,
889 1488 987 1552 vitam
1019 1488 1120 1572 ipsam
1149 1487 1317 1572 perdemus
1338 1509 1419 1551 neve
1443 1509 1512 1551 mors

352 1587 611 1671 necopinantibus
642 1588 731 1651 nobis
753 1588 892 1672 obrepat.
936 1587 1125 1672 Temporum
1148 1586 1233 1651 enim
1262 1589 1443 1652 futurorum
1465 1609 1515 1650 non

352 1707 461 1750 sumus
478 1687 611 1767 domini,
632 1688 809 1772 praesentia
823 1698 947 1752 tantum
965 1698 1070 1750 nostra
1087 1697 1178 1750 sunt:
1198 1708 1271 1769 ergo
1287 1686 1343 1750 ille
1361 1689 1515 1752 mittemus

354 1795 384 1848 et
408 1807 446 1849 ne
470 1779 642 1850 crastinum
663 1788 791 1871 quidem
806 1788 893 1850 diem
909 1808 1064 1864 curemus,
1088 1787 1138 1850 his
1158 1788 1309 1850 fruemur.
1352 1787 1400 1851 Ex
1419 1788 1538 1862 multist

352 1886 448 1950 buius
470 1887 629 1952 doctrinae
651 1888 842 1952 testimoniis
866 1888 942 1950 heec
965 1895 1088 1950 tentum
1111 1886 1246 1969 eligam:
1538 1888 1540 1980 ζ

436 1987 558 2052 Lucret.
580 1988 627 2051 111
649 1989 726 2051 954:

494 2087 578 2139 Auser
595 2087 692 2138 abhinc
711 2087 843 2148 lacrimas,
864 2086 975 2150 balatro,
996 2091 1022 2138 el
1041 2102 1179 2154 compesce
1198 2086 1338 2156 querellas.

494 2171 588 2224 Omnia
608 2174 763 2240 perfunctus
782 2174 846 2224 vitai
866 2175 982 2242 praemia
1002 2189 1118 2226 marces:

493 2258 545 2311 Sed
564 2261 627 2327 quia
645 2275 750 2328 semper
768 2275 830 2311 ares
849 2260 920 2329 qnod
939 2262 1025 2322 abest,
1042 2260 1199 2327 praesentia
1216 2259 1322 2322 temnis,

494 2345 643 2414 Inperfecta
660 2347 709 2398 tibi
729 2345 847 2414 elapsast
864 2347 1022 2415 ingrataque
1040 2348 1104 2408 vita,

493 2433 526 2485 Et
544 2435 716 2503 necopinanti
735 2450 805 2486 mors
823 2433 857 2485 ad
876 2439 958 2503 caput
976 2434 1081 2486 adstitit
1099 2439 1161 2485 ante

494 2519 578 2582 Quam
598 2527 673 2574 saon
690 2537 721 2572 ac
740 2520 836 2589 plenus
855 2522 943 2588 possis
962 2520 1101 2574 discedere
1117 2535 1215 2572 rerum.

494 2607 571 2660 Nunc
590 2608 678 2660 aliena
694 2613 741 2660 tua
761 2613 850 2659 tamen
868 2613 956 2660 aetate
974 2607 1063 2660 omnia
1082 2608 1157 2658 mitte

495 2695 589 2763 Aequo
608 2695 758 2762 animoque,
777 2693 899 2762 agedum.
919 2696 1008 2762 gnatis
1027 2692 1157 2745 concede:
1176 2695 1320 2744 necessest.

440 2782 542 2864 Frgm.
555 2783 616 2846 204
628 2780 796 2866 (Epicurus
809 2803 858 2866 ap.
873 2780 957 2844 Stob.
970 2781 1034 2844 llor.
1046 2779 1123 2843 XVI
1134 2778 1210 2858 28):
1231 2777 1409 2857 γεγόναμεν
1424 2774 1524 2851 ἅπαξ,

357 2881 408 2953 δὶς
429 2881 467 2942 δὲ
488 2876 548 2942 ocia
568 2881 639 2943 ἔστι
659 2886 826 2959 γενέσθαι·
869 2880 981 2942 δεῖδὲ
1002 2879 1061 2942 adv
1079 2876 1184 2940 αἰῶνα
1203 2877 1314 2958 μηκέτ’
1336 2867 1434 2939 εἶναι.
1490 2873 1524 2939 nti

359 2981 398 3043 dd
427 2983 484 3063 τῆς
515 2976 630 3062 αὔριον
659 2980 718 3043 mix
752 2976 800 3042 cic
829 2977 935 3059 κύριος
971 2975 1143 3060 ἀναβάλλῃ
1173 2976 1233 3039 τὼ·
1262 2972 1386 3057 καιρόν.
1444 2976 1463 3040 ὁ
1495 2977 1526 3038 δὲ

358 3077 502 3144 πάντων
528 3085 599 3161 βίος
625 3079 803 3162 μελλησμῷ
830 3076 1085 3160 παραπόλλυται
1112 3078 1166 3139 καὶ
1189 3076 1247 3138 ded
1274 3079 1372 3139 τοῦτο
1393 3077 1526 3148 ἕκαστος

356 3181 450 3265 ἠμόν
469 3177 712 3262 α’σχαλούμειας
731 3176 953 3262 decerpam.

442 3298 559 3362 Mirum
583 3308 673 3376 esset,
696 3298 757 3361 nisi
780 3298 842 3360 tale
860 3297 936 3381 quid
952 3296 1034 3382 apud
1051 3295 1184 3358 comims
1200 3304 1305 3378 poetas
1324 3294 1527 3358 inveniretur.

359 3398 419 3462 Sed
442 3398 508 3462 iem
528 3398 722 3462 Phileteerus
737 3398 897 3463 bominem
915 3397 992 3461 dicit
1015 3395 1094 3459 nibil
1111 3393 1286 3479 sapientius
1308 3396 1408 3457 iecere
1431 3415 1528 3480 posse,

362 3521 457 3584 quam
480 3499 546 3562 vite
568 3498 682 3562 cotidie
704 3498 890 3562 suavissime
911 3497 982 3560 frui.

447 3599 493 3662 Gi.
516 3601 607 3682 frgm.
630 3599 648 3659 7
672 3597 772 3678 (Koclt
797 3599 827 3662 ll
850 3619 918 3682 pag.
941 3593 1035 3676 232):

571 3699 597 3748 ti
614 3695 660 3749 dei
675 3691 730 3766 γὰρ
750 3693 818 3748 ὄντα
838 3697 952 3765 θνητόν,
971 3695 1095 3758 ἱκετεύω,
1113 3700 1217 3753 ποιεῖν,

571 3777 644 3852 πλὴν
663 3776 747 3853 ἡδέως
764 3781 813 3852 ζῇν
832 3777 881 3834 triv
895 3785 957 3850 βίον
975 3775 1043 3834 καθ’
1061 3773 1179 3852 ἡμέραν,

568 3864 619 3922 ἐὰν
639 3867 688 3943 ἔχῃ
707 3886 750 3928 τις
768 3862 888 3930 {nomn
908 3864 976 3922 ἀλλὰ
995 3867 1039 3920 δεῖ
1056 3873 1172 3919 σκοπεῖν

572 3953 642 4008 τοῦτ’
661 3951 739 4019 «aiud
766 3950 935 4026 tdrdpabret'
952 3949 1059 4027 ὅρῶηα
1078 3956 1238 4024 πράγματα,

571 4041 612 4102 εἰς
633 4039 734 4114 αὔριον
752 4041 783 4096 δὲ
799 4041 871 4113 pepli
888 4043 1048 4114 φροντίζειν
1065 4033 1081 4091 ὅ
1101 4057 1128 4092 tc

571 4127 658 4182 ἔσται·
693 4131 846 4200 περίεργόν
864 4125 941 4180 ἔστιν
959 4122 1129 4178 cinnama
1149 4125 1223 4178 utin

573 4213 658 4272 letor
677 4215 758 4270 ἔνδον
776 4213 920 4288 ᾰργίριον.
