3140 5068
555 403 764 466 ..57-

69 585 156 648 Τιιιιι
178 584 318 648 eiusdem
340 581 463 646 fabulae
485 605 514 647 v.
536 583 615 648 1095
637 583 817 664 Charmidi,
848 583 902 668 qui
923 583 963 646 ab
990 583 1091 649 amico
1114 583 1243 649 Callicle

71 707 106 749 se
128 705 196 749 csse
217 685 382 769 deceptum
404 682 583 764 arbitratur,
606 683 808 748 lamentanti:

284 783 305 836 0
324 781 455 848 Callicles,
473 798 488 836 o
507 781 638 848 Callicles,
659 799 674 836 o
696 781 827 846 Callicles,

284 869 396 933 Qualine
414 869 498 922 amico
516 885 575 922 mea
592 870 774 923 commendari
793 870 882 924 bonai

72 975 128 1039 hio
147 973 332 1060 respondet:

284 1071 370 1125 Probo
388 1076 415 1124 et
432 1071 505 1124 fideli
524 1076 550 1125 et
568 1072 620 1126 fido
639 1078 665 1126 et
684 1090 742 1127 cum
761 1091 858 1142 magna
876 1073 937 1127 fide.

73 1178 165 1256 Quod
198 1184 362 1262 postquam
396 1175 540 1241 Callicles
579 1178 753 1243 accuratius
786 1177 1026 1257 demonstravit,
1067 1178 1245 1246 Charmidis

73 1297 186 1343 servus
208 1298 280 1341 eum
301 1276 409 1341 laudat
430 1299 459 1342 v.
480 1277 576 1357 1110;

273 1376 321 1429 Hic
339 1391 397 1429 mco
416 1391 460 1429 ero
480 1377 581 1430 amicus
599 1377 672 1430 solus
687 1377 778 1430 firmus
795 1377 894 1430 restitit

272 1463 363 1532 Neque
382 1463 528 1516 demutavit
546 1464 663 1516 animum
683 1464 715 1516 do
733 1463 809 1516 firma
823 1462 885 1528 fide,

273 1548 437 1618 Quamquam
456 1549 560 1603 labores
579 1549 675 1602 multos

273 1635 324 1690 Sed
344 1636 388 1689 hic
405 1652 484 1702 unus,
502 1640 533 1689 ut
551 1651 599 1704 ego
618 1636 749 1704 suspicor,
768 1645 855 1692 serrat
874 1639 962 1692 fidem.

74 1745 119 1808 Et
142 1743 233 1828 paulo
257 1749 326 1826 post
348 1763 378 1806 v.
406 1742 484 1806 1125
507 1741 574 1827 ipse
596 1741 779 1806 Charmides
800 1743 839 1807 de
861 1743 962 1808 amico
984 1743 1069 1808 idem
1090 1743 1224 1810 indicat:

113 1842 206 1909 Neque
225 1840 276 1892 luit
293 1855 379 1908 neque
398 1841 448 1892 crit
466 1856 551 1908 neque
570 1856 628 1893 esse
648 1857 805 1910 quemqnam
824 1843 955 1896 hominem
974 1843 1002 1896 in
1021 1850 1091 1896 terra
1110 1844 1231 1910 arbitror,

115 1927 184 1990 Quoi
202 1927 268 1980 fides
286 1926 453 1996 fidelitasque
474 1929 587 1981 amicum
606 1943 669 1996 erga
687 1929 841 1998 aequiperet
858 1933 939 1982 tuam.

77 2031 228 2098 Callicles
248 2039 354 2094 autem
375 2031 556 2116 respondet:

187 2130 279 2200 Siquid
299 2131 411 2184 amicum
430 2146 492 2198 erga
510 2132 577 2184 bene
596 2131 646 2184 ieci
665 2138 712 2185 aut
732 2131 853 2185 consului
871 2132 994 2201 fideliter,

187 2220 246 2272 Non
264 2219 355 2272 videor
373 2219 501 2272 meruisse
520 2219 635 2285 landem,
653 2218 732 2287 culpa
749 2220 866 2272 caruisse
885 2219 1006 2272 arbitror.

167 2324 326 2388 Mercator.
350 2345 378 2387 v.
402 2324 462 2388 625
485 2322 639 2388 Charinus
660 2323 797 2388 amicum
818 2323 976 2408 increpat:

188 2422 330 2476 Perdidisti
348 2438 390 2474 me
408 2427 434 2475 et
451 2422 531 2475 fidem
550 2439 651 2476 mecum
670 2429 753 2476 tuam.

77 2529 120 2592 Et
138 2525 223 2589 idem
239 2547 268 2589 v.
280 2527 339 2590 839
358 2547 374 2588 e
396 2525 497 2612 patria
512 2527 731 2609 emigraturus·
743 2549 814 2591 cum
836 2526 915 2590 alias
936 2533 1005 2590 tum
1028 2526 1107 2591 hano
1127 2550 1250 2594 causam

76 2628 182 2704 affert,
207 2625 288 2710 quod
305 2625 419 2709 quibus
437 2625 470 2691 in
497 2625 608 2691 amicis
630 2627 706 2692 fides
722 2626 807 2706 insit,
830 2626 1038 2691 internoscere
1057 2649 1118 2692 non
1137 2629 1250 2714 possit:

404 2729 437 2780 ab
456 2728 553 2779 Atticis
572 2727 709 2779 abhorreo.

190 2815 256 2868 Nam
275 2815 321 2867 ubi
340 2831 425 2867 mores
445 2814 589 2867 deteriores
608 2814 808 2868 increbrescunt
826 2814 855 2866 in
873 2813 939 2879 dies,

191 2901 242 2954 Ubi
261 2902 306 2970 qui
325 2902 412 2967 amici,
431 2900 476 2969 qni
494 2900 616 2953 infideles
635 2902 698 2966 sint,
716 2916 833 2969 nequeas
852 2915 1020 2968 pernoscere,

191 2989 294 3057 Ubique
308 2988 340 3040 td
359 2989 488 3057 eripiatur
506 2987 593 3040 animo
614 2994 668 3054 tuo,
688 2987 757 3056 quod
776 2987 881 3056 placeat
898 3003 1028 3053 maxume,

191 3076 229 3129 lbi
250 3075 355 3144 quidem
373 3076 397 3127 si
415 3091 524 3142 regnum
542 3074 628 3140 detur,
646 3090 700 3126 non
719 3074 836 3142 cupitast
854 3074 956 3127 civitas.

169 3180 262 3243 Porro
285 3177 405 3263 Captiv.
428 3199 458 3242 v.
478 3179 539 3244 439
558 3199 604 3263 sq.
632 3177 790 3242 amicitiae
819 3176 974 3242 stabilitas
1006 3199 1075 3242 cnm
1102 3179 1162 3256 ride
1185 3202 1255 3244 cou-

78 3280 239 3362 iungitur,
262 3301 335 3343 nam
357 3279 521 3362 Tyndarus
543 3277 752 3343 Philocratem
773 3278 941 3342 abeuntem
965 3277 1122 3342 hortatur:

192 3397 244 3450 Fac
262 3394 349 3448 fidelis
369 3394 405 3448 sis
422 3394 504 3461 fideli,
523 3411 585 3448 cave
604 3395 682 3448 fidem
701 3394 799 3447 fluxam
819 3411 903 3462 geras.

194 3484 258 3536 Nam
279 3489 354 3551 pater
372 3483 427 3535 scio
447 3482 535 3549 faciet,
555 3498 621 3550 quae
640 3481 714 3534 illum
733 3480 819 3534 iacere
837 3485 942 3549 oportet
961 3481 1057 3534 omnia.

194 3571 274 3623 Serva
294 3570 343 3622 tibi
361 3569 391 3621 in
409 3574 563 3638 perpetuom
583 3569 696 3622 amicum
715 3573 852 3636 meatque
871 3569 941 3620 bunc
960 3568 1095 3620 inventum
1115 3567 1213 3620 inveni.

195 3657 265 3710 Haec
283 3673 330 3726 per
349 3656 484 3708 dextoram
502 3660 576 3708 tuam
594 3661 620 3708 te
639 3648 748 3708 dextera
768 3654 885 3707 retinens
905 3670 985 3707 manu

196 3744 321 3814 Opsecro,
339 3742 471 3796 infidelior
490 3742 605 3794 mihine
623 3741 692 3807 luas,
711 3756 788 3809 quam
808 3756 856 3808 ego
877 3756 934 3792 sum
953 3739 1010 3792 tibi.

195 3833 236 3884 Τιι
254 3831 304 3884 hoe
323 3846 385 3898 age:
404 3836 434 3882 tu
453 3829 517 3882 mihi
534 3845 607 3881 nunc
625 3844 686 3880 crus
705 3844 742 3893 cs,
761 3832 791 3880 tu
811 3832 948 3897 patronus,
966 3831 996 3879 tu
1016 3829 1105 3894 pater:

196 3919 255 3971 Tibi
275 3916 429 3971 commendo
448 3931 510 3984 spes
529 3931 645 3984 opesque
663 3931 743 3968 meas.

177 4020 319 4105 Denique
342 4040 381 4083 ne
403 4016 599 4084 obliviscaris
621 4017 655 4082 in
679 4015 873 4081 Bacchidem
894 4014 1046 4090 versibus,
1070 4034 1146 4096 quos
1167 4032 1262 4097 supra

86 4124 183 4208 (pag.
206 4119 261 4200 49)
285 4117 614 4196 commemoravimus,
647 4117 730 4182 inter
751 4116 897 4181 falsorum
921 4113 1093 4179 amicorum
1116 4110 1193 4176 vitia
1215 4111 1262 4175 in·

83 4222 197 4312 opiam
221 4240 343 4304 quoque
358 4218 431 4283 fidei
448 4224 661 4283 enumeratam
682 4238 749 4281 esse
771 4215 824 4298 (cl.
850 4215 1010 4297 ,sublesta
1031 4210 1110 4277 fide“
1135 4233 1164 4276 v.
1177 4209 1262 4291 543).
