3140 5068
577 479 785 543 ..29-

81 663 194 720 autem
217 677 281 722 esse
302 656 454 722 bonorum
475 657 665 743 voluptatem
684 677 721 722 ee
742 657 798 722 hoc
817 655 971 735 facillime
988 659 1131 742 perspici
1149 665 1259 740 potest.

78 758 314 820 constituamus
335 757 473 838 aliquem
495 757 621 842 mappis
639 759 747 821 multis
764 759 924 838 perpetuis
934 757 1092 839 fruentem
1112 765 1140 822 el
1152 760 1258 822 anlerio

82 864 112 919 et
136 876 267 937 corpore
284 855 510 941 uoluptatibus,
541 857 630 921 nullo
652 856 759 922 dolore
786 877 841 920 nec
863 857 1039 942 iupediuete
1067 879 1124 922 uec
1147 859 1257 944 lupert-

82 956 195 1030 dente,
226 977 316 1042 quem
346 957 472 1021 taudem
503 957 560 1021 lroc
588 963 672 1020 statu
698 956 973 1040 praestabiliorem
1002 964 1059 1020 oret
1086 959 1188 1040 mapis
1207 979 1259 1022 cc·

79 1056 254 1136 petendum
269 1057 428 1139 possimus
444 1057 570 1122 dicere?
587 1058 688 1120 inesse
709 1058 790 1120 euim
811 1077 931 1120 necesse
952 1063 998 1120 est
1016 1058 1051 1121 iu
1071 1078 1114 1135 eo,
1137 1059 1192 1140 qul
1214 1059 1261 1122 llo

84 1157 127 1219 sit
151 1155 291 1238 affectus,
311 1163 340 1221 ei
353 1155 536 1238 firmitatem
555 1158 658 1221 animi
673 1177 727 1220 uec
742 1165 871 1221 mortem
888 1177 943 1220 nec
956 1157 1093 1222 dolorem
1111 1159 1261 1238 timeatis,

85 1257 175 1341 quod
191 1275 276 1320 mors
291 1276 385 1320 seusu
401 1263 516 1339 careat,
538 1256 629 1320 dolor
650 1259 682 1320 lu
700 1258 927 1342 loupluquitale
945 1256 1030 1335 leuis,
1053 1259 1088 1322 iu
1105 1260 1263 1339 prestituto

84 1356 193 1420 breuis
214 1355 313 1420 soleat
334 1376 407 1436 esse,
429 1363 465 1421 ut
487 1357 554 1421 eius
575 1357 825 1438 mopniludiuem
847 1357 998 1439 celeritas,
1020 1357 1261 1424 ‹tiulurm’talem

85 1457 236 1522 allevatio
259 1457 439 1522 consoletur.
988 1507 990 1513 .

176 1556 259 1621 Satis
276 1569 384 1622 notum
403 1565 451 1622 est
469 1557 588 1622 dictum
604 1556 694 1636 illud,
713 1577 774 1640 quo
790 1563 877 1619 tanta
892 1555 991 1620 animi
1011 1557 1142 1622 firmitas
1159 1567 1260 1624 osten-

85 1657 188 1734 ditur,
217 1666 252 1721 ut
275 1679 315 1722 ne
339 1680 358 1722 a
381 1658 494 1722 Stoicis
518 1657 646 1742 quidem
670 1655 766 1740 possit
788 1656 944 1740 superari:
966 1643 1139 1743 sapientem
1166 1659 1260 1724 etiam

85 1756 121 1820 iu
135 1757 314 1822 Phalaridis
337 1765 425 1824 tauro
448 1767 607 1844 perustum
630 1755 877 1820 exclamaturum
898 1777 964 1820 esse
980 1756 1070 1820 dulce
1088 1778 1154 1822 esse
1173 1766 1205 1822 et
1221 1759 1260 1823 ad

87 1878 123 1921 se
149 1857 232 1921 nihil
261 1857 418 1942 pertinere
430 1855 464 1938 ¹).
507 1856 622 1923 Eadem
653 1857 718 1919 lere
746 1863 776 1919 et
799 1855 853 1920 vix
876 1856 995 1921 minore
1024 1857 1153 1922 audacia
1179 1857 1261 1923 servi

85 1965 233 2021 utuntur.

177 2057 242 2122 lam
270 2078 344 2122 vero
371 2063 541 2142 sequantur
573 2052 754 2118 Mereatoris
780 2075 889 2119 versus
917 2054 990 2118 inde
1020 2056 1059 2120 ab
1085 2057 1142 2120 144
1164 2077 1262 2141 usque

86 2157 128 2222 ad
156 2158 222 2222 148.
273 2155 441 2221 Acantioni
471 2155 571 2220 mullo
600 2153 754 2218 currendo
778 2155 855 2218 adeo
883 2152 1028 2236 fatigato,
1060 2163 1095 2218 ut
1123 2158 1265 2241 „ruperit

86 2256 231 2335 remites,
253 2255 317 2321 iam
339 2256 458 2321 dudum
480 2263 585 2341 sputet
607 2252 824 2336 sanguinem,“
847 2253 1000 2318 Charinus
1024 2254 1169 2320 dominus
1191 2278 1262 2321 con·

88 2357 204 2420 silium
223 2356 285 2435 dat,
317 2365 352 2420 ut
372 2356 528 2437 „resinam
552 2376 590 2418 ex
612 2353 706 2418 melle
730 2353 917 2438 Aegyptiam
941 2353 1065 2433 voret;“
1095 2356 1149 2420 sed
1172 2377 1259 2421 servo

87 2458 150 2522 hoc
174 2456 305 2522 minime
334 2456 435 2541 placet
465 2476 565 2539 neque
594 2454 729 2519 salutem
751 2453 811 2517 sibi
834 2460 934 2537 optat,
966 2475 1045 2538 quae
1075 2476 1146 2520 eum
1176 2456 1259 2522 dolo-

88 2557 181 2621 ribus
203 2555 368 2622 coniuncta
390 2556 451 2620 sit:

140 2653 197 2708 011:
233 2655 281 2709 Sin
299 2655 379 2709 saluti
399 2654 469 2724 quod
487 2656 536 2708 tibi
555 2671 613 2708 esse
634 2670 726 2708 censes
745 2653 770 2706 id
791 2652 962 2707 consuedeol

141 2740 197 2794 Aa:
232 2744 326 2811 Apage
344 2742 495 2795 istiusmodi
515 2741 627 2794 salutem
647 2757 706 2794 cum
727 2741 847 2794 cruciatu
866 2755 933 2809 quae
952 2739 1067 2794 advenit.

141 2825 197 2882 ch:
231 2828 281 2882 Dic
299 2828 371 2894 mihi,
392 2845 427 2881 an
445 2828 507 2881 boni
526 2827 590 2896 quid
608 2836 756 2896 usquamst,
775 2827 844 2895 quod
865 2826 1003 2895 quisquam
1023 2827 1063 2879 uti
1083 2828 1183 2895 possiet

234 2915 296 2968 Sine
314 2914 383 2968 malo
402 2915 473 2968 omni
493 2919 540 2967 aut
557 2929 591 2966 ne
609 2912 725 2966 laborem
745 2913 844 2982 capias,
864 2928 942 2981 quom
961 2913 1007 2967 illo
1026 2914 1065 2967 uti
1084 2914 1175 2968 volesl

145 2999 200 3053 Aa:
237 3001 332 3055 Nescio
350 3017 399 3069 ego
418 3001 515 3054 istaec:
533 2999 715 3068 philosophari
734 3015 878 3067 numquam
897 2998 978 3053 didici
997 3016 1083 3069 neque
1101 3000 1165 3054 scio.

234 3086 289 3155 Ego
308 3087 406 3140 bonum
425 3087 522 3139 malum
542 3103 594 3155 quo
613 3085 724 3148 accedit,
743 3085 806 3138 mihi
826 3085 883 3138 dari
902 3086 974 3138 haud
994 3086 1123 3140 desidero.

90 3177 268 3258 Utramque
291 3174 411 3260 partem
434 3173 695 3259 compensationis
711 3172 766 3237 hoc
781 3173 846 3237 loco
857 3167 964 3238 ¹obiter
979 3173 1107 3257 quidem
1122 3180 1259 3238 attamen

88 3275 169 3340 satis
202 3273 339 3338 dilucide
370 3273 514 3338 videmus
546 3273 764 3354 significatam.
822 3273 976 3337 Charinus
1008 3273 1091 3338 enim
1128 3273 1261 3337 libenter

89 3377 337 3458 nonnumquam}
361 3373 481 3438 labores
502 3381 705 3458 suscepturus
727 3380 782 3451 est,
814 3372 981 3438 dummodo
1002 3374 1116 3438 bonum
1139 3373 1260 3459 aliquid

92 3474 298 3560 adipiscatur,
321 3493 429 3538 servus
449 3480 554 3537 autem
578 3472 693 3536 bonum
710 3493 855 3557 spernere
870 3473 1001 3555 mavult,
1023 3494 1063 3537 ne
1086 3473 1119 3538 iu
1142 3473 1261 3538 dolores

91 3573 261 3655 incidat.²)

175 3674 269 3738 Porro
300 3674 339 3738 ad
372 3672 501 3738 candem
533 3673 571 3737 de
605 3672 762 3758 voluptate
794 3672 968 3736 doctrinam
998 3671 1130 3756 Eutychi
1167 3673 1260 3737 verba

92 3778 237 3854 referam,
257 3773 311 3857 qui
334 3773 368 3837 in
390 3774 450 3837 fine
474 3773 651 3837 Mercatoris
673 3795 701 3837 v.
728 3775 805 3839 1021
829 3779 1015 3858 spectatores
1036 3771 1197 3837 admonet:

164 3874 223 3927 Neu
242 3872 381 3943 quisquam
402 3873 513 3943 posthac
532 3874 671 3942 prohibeto
691 3873 885 3925 adulescentem
905 3871 987 3923 filium

164 3960 234 4024 Quin
253 3964 323 4013 amet
342 3964 368 4013 st
387 3964 501 4012 scortum
521 3959 609 4024 ducat,
629 3960 697 4028 quod
719 3961 787 4013 hono
804 3958 851 4011 fiat
870 3958 955 4012 modo.

164 4047 254 4116 Siquis
272 4047 446 4116 prohibuerit,
465 4046 525 4114 plus
545 4046 637 4114 perdet
656 4045 723 4106 clam
742 4047 818 4115 quasi
838 4045 1018 4114 praehibuerit
1037 4044 1125 4114 palam

169 4215 194 4283 l)
214 4215 253 4268 cf.
270 4215 347 4283 irgm.
366 4215 414 4268 601
435 4214 548 4281 (Seneca
567 4230 609 4283 ep.
628 4213 669 4272 66,
691 4213 730 4266 18.
757 4213 878 4267 Lactant.
897 4213 949 4266 div.
968 4214 1030 4266 inst.
1049 4213 1085 4266 111
1106 4213 1146 4278 ll,
1162 4211 1217 4280 42).

164 4302 192 4371 l)
211 4304 297 4357 Aliter
313 4303 377 4372 Leo,
397 4303 483 4357 Plaut.
503 4302 609 4355 Forsch.
628 4317 689 4371 pag.
710 4301 766 4355 lll.
