3140 5068
823 453 1029 516 -62-

428 634 497 700 llth
521 632 587 697 Nic.
611 633 689 696 VIII
713 633 750 696 14
751 629 828 713 ,4)
856 630 921 714 agit
943 631 1144 698 Aristoteles
1152 633 1189 696 de
1220 629 1396 712 beneficiio,
1431 654 1500 716 quae

342 736 505 822 plerosque
527 731 669 816 queritur
688 731 828 817 accipere
851 731 978 815 quidem
1001 731 1100 812 velle,
1121 732 1249 796 reddere
1271 739 1378 797 autem
1399 732 1501 797 existi·
1548 729 1549 776 3

341 857 427 902 mare
441 833 572 898 Inutile:
595 819 633 895 εὖ
654 830 797 911 πάσχειν
818 832 879 913 γάρ
894 853 924 893 οι
916 828 1054 895 ‘notioi
1071 829 1255 912 βούλονται,
1276 855 1314 896 το
1308 831 1377 895 δὲ
1399 835 1499 894 ποιεῖν

338 931 515 1058 φεύγουσιν
536 932 578 1006 ὠς
610 930 813 1010 dissociata,
845 932 929 1016 quod
963 932 1181 1018 repetivitt
1097 933 1211 998 tt.Eh
1245 933 1314 1000 Nic.
1343 933 1390 997 IX
1421 934 1500 1014 7‚1:

335 1030 522 1118 άμνήμονες
540 1033 601 1114 γάρ
622 1031 789 1096 circuitui
811 1030 866 1093 καὶ
887 1021 1070 1112 peritior
1032 1053 1069 1094 εν
1092 1029 1236 1112 πάσχειν
1258 1029 1281 1116 ἤ
1306 1036 1415 1096 ποιεῖν
1435 1033 1499 1116 ipi-
1548 1007 1549 1080 l

336 1156 435 1198 εντάι.
476 1129 585 1209 δόξειε
606 1128 682 1194 δ”
658 1155 702 1197 αν
719 1127 943 1215 φυσικώτερον
963 1095 1549 1216 additioni

422 1233 604 1299 Amicit
549 1255 589 1298 au
591 1241 656 1297 tem
687 1232 786 1314 magis
808 1253 875 1297 esse
905 1231 983 1296 bene
1012 1233 1111 1296 iacere
1129 1253 1223 1316 quam
1255 1232 1404 1297 beneficia
1425 1230 1499 1294 acci
1547 1179 1549 1282 l

337 1342 471 1419 peret
431 1333 502 1398 Et.h
525 1333 594 1398 Nic.
617 1333 662 1397 IX
683 1335 712 1413 9,
725 1333 744 1396 2
766 1333 860 1397 confit
847 1341 946 1396 t·etu1:
983 1331 1019 1394 εἴ
1041 1354 1077 1392 τε
1099 1331 1194 1414 φιλον
1217 1329 1346 1414 μᾶλλόν
1376 1331 1447 1394 ἐστι
1467 1317 1499 1390 cd
1548 1315 1549 1374 l

336 1423 374 1496 ed
396 1436 504 1496 ποιεῖν
532 1428 554 1517 ἥ
583 1431 728 1511 πάσχειν
755 1436 814 1494 καί
833 1431 904 1496 ἐστι
931 1435 990 1495 τοῦ
1018 1427 1150 1513 ἀγαθοῦ
1170 1430 1304 1516 καὶτῆς
1333 1431 1450 1512 α’ρενῆς
1467 1410 1499 1489 cd
1547 1391 1549 1482 l

334 1533 526 1614 εὐεργετεῖν.
1548 1611 1549 1614 ¹

419 1634 507 1697 Hanc
535 1631 584 1696 vir
585 1638 686 1695 tutem
716 1631 832 1715 gratiae
855 1633 1034 1698 referendae
1063 1655 1124 1698 non
1147 1632 1253 1698 minus
1275 1633 1390 1698 acriter
1411 1653 1496 1717 quarn

337 1731 538 1819 Peripatetici
570 1731 723 1816 Epicurus
756 1733 985 1817 comprobavit,
1021 1732 1075 1817 qui
1106 1755 1232 1820 prorsus
1266 1734 1348 1799 idem
1383 1732 1497 1798 docuit:
1548 1727 1549 1774 ἶ

338 1834 453 1899 melius
475 1853 542 1897 esse
566 1833 643 1896 bene
665 1835 764 1897 fecere
787 1855 881 1917 quam
905 1834 1054 1898 beneficia
1076 1834 1225 1920 accipere.
1548 1821 1549 1824 ¹

416 1933 462 1996 Cf.
487 1934 577 2014 lrgm.
601 1933 661 1995 544
693 1930 899 2014 (Plutarchus
929 1942 1034 1999 contra
1057 1934 1184 2020 Epicuri
1216 1933 1440 1998 beatitudinem
1465 1933 1496 1992 li

337 2053 366 2117 p.
392 2029 531 2111 1097⁸):
562 2030 655 2094 ariaci
683 2031 721 2094 di
750 2032 791 2115 δή
819 2054 884 2094 που
912 2032 957 2115 (oi
977 2031 1199 2116 Ἐπικούρειοι)
1227 2033 1375 2115 λέγουσιν
1401 2032 1442 2104 ὥς
1463 2029 1496 2090 ri

336 2119 373 2195 eii
395 2134 502 2193 ποιεῖν
523 2126 619 2212 ἥδιόν
638 2132 709 2195 ἐστι
729 2134 787 2195 cori
809 2128 963 2212 πάσχειν.
1548 2119 1549 2160 ss

418 2230 458 2295 Et
480 2229 636 2313 (eiusdem
658 2232 832 2318 philosoph.
855 2253 921 2297 esse
940 2256 965 2298 c.
989 2233 1119 2318 prino3
1137 2255 1167 2318 p.
1179 2230 1299 2313 7780):
1321 2231 1496 2308 Ἐπίκουρος

336 2329 488 2412 τάγαθὸν
518 2331 554 2393 ἐν
584 2333 631 2411 τῷ
660 2328 844 2412 βαθυτάτῳ
872 2335 929 2415 τῆς
964 2331 1101 2416 ἡσυχίας
1138 2329 1251 2412 ὥσπερ
1283 2331 1320 2394 ἐν
1351 2327 1494 2406 ἀκλύστῳ

340 2429 444 2513 λιμένι
472 2429 527 2492 καὶ
548 2433 647 2514 coppi
674 2434 860 2512 τιθέμενος,
888 2436 948 2497 τοῦ
976 2421 1014 2496 ed
1043 2430 1187 2513 πάσχειν
1215 2431 1253 2495 cd
1276 2420 1315 2495 eri
1337 2434 1443 2494 ποιεῖν
1463 2425 1495 2490 oi

333 2528 437 2612 μόνον
464 2529 595 2594 κάλλιον
623 2529 708 2594 ἄλλά
736 2531 790 2593 καὶ
811 2528 905 2614 ἥδιον
936 2524 1025 2596 εἷναί
1053 2551 1143 2617 φησι.
1186 2535 1290 2612 χαράς
1315 2533 1376 2614 γάρ
1406 2529 1494 2593 οὐδὲν
1547 2579 1548 2608 ,

333 2627 417 2694 οὕτω
438 2627 574 2711 γόνιμόν
591 2629 682 2694 ἐστιν
703 2629 745 2704 ὥς
766 2628 867 2712 χάρις.

416 2731 542 2796 Praeter
571 2731 741 2816 Epicurum
773 2740 878 2796 autem
909 2753 978 2796 curn
1011 2730 1228 2817 Peripateticis
1256 2738 1378 2796 certant
1407 2728 1492 2794 etiam

335 2830 433 2896 Stoici
456 2829 488 2894 in
512 2831 569 2895 hac
590 2831 706 2896 virtute
729 2831 893 2896 laudanda.

416 2931 462 2996 Oi.
485 2929 619 2995 Senecae
646 2931 684 2995 de
707 2931 806 2995 benef.
827 2931 872 2995 IV
898 2933 952 2996 18:
989 2929 1028 2994 Ut
1055 2930 1139 2994 scius
1166 2951 1225 3015 por
1244 2951 1276 2994 se
1299 2929 1493 3016 repetendum
1546 2963 1547 3006 3

332 3047 395 3092 esse
414 3030 500 3113 prati
521 3031 624 3094 animi
645 3030 864 3113 adfectionem,
891 3051 951 3115 per
971 3051 1003 3094 se
1022 3029 1178 3115 sopiendo
1202 3051 1252 3094 res
1274 3037 1318 3095 est
1340 3032 1491 3112 ἰσχναίνειν

333 3145 408 3206 esee,
430 3131 580 3214 quonium
601 3129 684 3195 nihil
712 3151 809 3212 aeque
830 3130 1032 3195 concordium
1053 3131 1187 3194 humani
1205 3132 1330 3215 pencris
1351 3130 1491 3196 dissociat

333 3246 371 3292 uc
393 3227 542 3294 distrahit
562 3250 658 3311 quum
680 3230 736 3296 hoo
756 3232 876 3295 citium.

413 3328 452 3392 Et
470 3328 589 3395 ibidem
601 3331 630 3395 V
643 3334 697 3396 17:
720 3332 818 3397 Grati
838 3334 938 3397 airicus
959 3335 1113 3398 aduersus
1135 3333 1217 3414 deos,
1236 3334 1325 3417 proti
1345 3333 1491 3397 actuosus
1545 3321 1546 3324 '

331 3425 479 3508 homiues,
510 3432 597 3513 prati
626 3431 778 3497 adociaua
810 3453 877 3510 eos,
910 3435 966 3514 qui
995 3432 1119 3519 aliquid
1150 3433 1238 3498 codis
1267 3433 1490 3518 praestiterunt,

328 3528 415 3611 proti
436 3530 531 3594 ctiam
550 3531 705 3596 adversus
725 3552 785 3611 eos,
809 3534 864 3618 qui
883 3535 1000 3597 uostris
1020 3536 1253 3618 praestiterunt.

415 3645 483 3711 Duo
497 3646 578 3712 locos
595 3649 676 3734 apud
690 3649 837 3714 Plautum
859 3650 976 3729 inveni,
998 3650 1053 3714 ubi
1073 3649 1190 3732 gratiae
1204 3648 1383 3713 referendae
1398 3648 1491 3713 virtus

336 3743 481 3810 laudatur
503 3767 640 3831 quosque
663 3769 701 3812 ex
724 3748 781 3812 hac
803 3750 870 3814 sive
895 3750 1172 3836 Peripateticorum
1192 3748 1260 3812 sive
1282 3749 1409 3834 Epicuri
1431 3748 1491 3811 sire
1544 3755 1545 3774 ¹

331 3842 504 3909 Stoicorum
533 3846 673 3911 doctrina
694 3848 847 3931 originem
869 3850 980 3914 ducere
1003 3849 1158 3914 existimo.

415 3944 557 4010 Primum
574 3945 634 4010 huc
656 3948 815 4033 pertinent
833 3949 1016 4014 Mnesilochi
1038 3949 1141 4027 verba,
1162 3948 1374 4032 quiBacchid.
1398 3970 1425 4012 v.
1436 3945 1491 4010 339

332 4063 438 4107 secum
459 4044 526 4130 ipse
551 4045 705 4130 loquitur:

403 4282 430 4350 1)
448 4281 488 4336 of.
506 4283 566 4340 ru.
586 4285 642 4339 nra·
662 4286 722 4340 vm
741 4285 781 4353 ra,
797 4286 821 4340 a.
1266 4251 1269 4256 ’
