3140 5068
577 421 760 484 ..9..

83 604 152 666 iam
182 601 261 685 quod
293 600 385 664 deum
410 599 568 664 hominem
599 621 654 685 per
685 601 844 665 hominem
878 601 1025 666 adiuvare
1054 607 1185 684 negatur
1216 602 1255 665 ab

83 703 238 787 Epicurea
260 700 400 765 doctrina
424 701 555 764 minime
582 702 737 765 abhorret.
782 702 860 764 Nam
883 701 941 764 etsi
965 700 1103 785 primum
1126 700 1253 784 quidem

82 802 115 866 id
133 809 255 866 tanturn
275 801 406 865 dicitur:
430 801 532 877 deum,
556 800 582 863 si
601 800 721 865 homini
741 799 896 866 auxilium
915 802 994 864 ferre
1010 801 1097 881 velit,
1119 800 1255 866 hominis

83 903 203 966 auxilio
226 901 358 965 minime
389 901 547 983 indigere,
577 908 681 964 tamen
715 900 807 964 facile
837 921 903 964 eam
936 921 1058 984 quoquc
1087 901 1255 966 subaudire

82 1023 249 1088 possumus
273 1000 462 1065 sententiam
485 1001 576 1066 ‹ieum
600 999 727 1064 omnino
750 1000 892 1064 homines
916 1021 976 1064 non
992 1000 1151 1065 adiuvare.
1195 1000 1253 1065 Sed

82 1103 141 1166 hac
171 1104 208 1165 de
241 1123 273 1165 re
296 1100 433 1164 dubitari
459 1122 547 1185 posse
570 1099 713 1165 concedo.
758 1101 801 1163 Ea
822 1109 944 1178 autem,
973 1123 1050 1185 quae
1073 1109 1256 1185 sequuntur,

83 1223 209 1286 prorsus
242 1223 312 1265 cum
345 1201 470 1285 Epicuri
505 1201 648 1284 dogmate
683 1199 890 1264 consentiunt.
946 1200 981 1264 ld
1016 1200 1100 1265 enim
1142 1201 1256 1285 ipsum,

82 1301 244 1366 hominem
266 1300 354 1365 nullo
378 1301 484 1382 modo,
508 1323 608 1385 neque
632 1301 793 1386 precibus,
818 1321 918 1384 neque
941 1301 1045 1379 sacris
1070 1322 1170 1385 neque
1190 1323 1256 1384 my·

83 1402 190 1465 storiis
213 1404 301 1480 deca,
336 1411 369 1464 ut
397 1401 458 1466 sibi
493 1403 720 1486 obsequantur,
751 1422 838 1486 posse
861 1423 1073 1481 commovere,
1107 1402 1258 1486 Epicurus

82 1502 207 1578 docuit,
235 1502 287 1584 qui
312 1510 501 1586 quantopere
523 1523 574 1566 eos
596 1502 777 1568 hominibus
800 1501 989 1587 praestantia
1011 1512 1042 1565 et
1064 1501 1258 1565 beatitudine

82 1602 267 1666 antecedere
285 1602 427 1688 voluerit,
448 1623 541 1688 supra
562 1603 709 1667 vidimus
754 1603 873 1678 Quibus
885 1601 922 1665 de
934 1602 1036 1666 causis
1048 1601 1142 1664 etiam
1158 1602 1188 1664 in
1208 1601 1257 1666 his

84 1701 226 1766 versibus
239 1695 412 1768 doctrinam
426 1703 611 1787 Epicuream
628 1704 748 1787 aliquid
767 1703 903 1767 valuisse
916 1710 1051 1765 statuere
1064 1722 1125 1765 non
1138 1702 1255 1766 dubito.

172 1803 262 1866 Nunc
284 1802 322 1868 ad
334 1803 482 1868 Plautum
497 1803 731 1882 descendamus
755 1803 835 1887 apud
856 1823 949 1886 quern
963 1801 1141 1867 Mercatoris
1155 1824 1182 1866 v.
1198 1804 1258 1866 627

83 1903 369 1972 intermundiorum
395 1904 586 1969 mentionem
610 1925 676 1968 esse
701 1907 811 1967 t'actam
836 1902 988 1966 videmus.
1033 1901 1186 1966 Charinus
1210 1903 1255 1966 ibi

83 2025 177 2085 aegre
203 2006 270 2080 fert,
300 2005 381 2087 quod
404 1999 564 2089 Eutychus
587 2004 702 2070 sodalis
725 2004 859 2069 amicam
881 2004 1038 2087 quandam
1062 2024 1121 2068 non
1145 2004 1257 2068 emerit

84 2124 221 2186 eumque
244 2104 401 2189 increpat:

295 2203 438 2256 Perdidisti
457 2221 496 2256 me
516 2210 542 2256 et
561 2205 638 2257 fidem
660 2222 760 2258 mecum
780 2210 861 2257 tuam.

90 2290 251 2374 Eutychus
273 2312 305 2354 se
328 2291 484 2355 defendit:

297 2391 328 2443 ni
349 2392 437 2444 sciunt
456 2391 560 2460 cuipam
583 2408 665 2443 meam
686 2392 772 2444 istanc
790 2406 842 2442 non
862 2406 921 2442 esse
940 2379 1047 2441 uliam'

102 2474 260 2532 Charinus:
297 2478 395 2546 Eugaa
419 2494 511 2546 papae.

297 2565 364 2617 Deos
383 2565 500 2618 absentis
520 2565 596 2616 testis
616 2579 759 2616 memoras:
779 2564 823 2631 qui
845 2580 899 2630 epo·
912 2564 981 2614 istuc
1001 2563 1104 2614 credam
1124 2562 1192 2614 tibi?

89 2652 127 2715 ni
149 2653 288 2716 absunt?
334 2651 489 2716 Nimirum
514 2651 545 2715 in
576 2650 800 2715 intermundiis
830 2651 973 2713 habitant
994 2672 1046 2720 ac.
1078 2649 1105 2712 si
1136 2656 1260 2733 propter

85 2751 262 2814 absentiam
294 2751 417 2835 eulpam
448 2751 568 2815 nescire
599 2751 763 2827 dicuntur,
799 2771 838 2813 ne
868 2749 1039 2834 respiciunt
1061 2749 1187 2833 quidem
1212 2769 1260 2811 res

87 2850 262 2916 hominum.
314 2892 316 2896 ψ

174 2951 218 3014 De
241 2950 290 3014 dis
313 2950 456 3014 homines
481 2951 525 3014 nil
554 2950 777 3014 adiuvantibus
804 2949 908 3030 agitur
932 2949 1045 3013 deinde
1069 2947 1257 3012 Bacchidum

88 3073 117 3114 v.
141 3053 211 3128 638,
236 3051 288 3114 nbi
313 3050 522 3115 Mnesilochus
545 3051 752 3114 lamentatur:

301 3149 392 3217 Egone
411 3155 441 3201 ut
460 3166 535 3217 opem
557 3151 620 3202 mibi
639 3151 705 3202 terre
726 3155 814 3218 putem
835 3164 913 3216 posse
932 3148 1037 3214 inopem
1058 3147 1101 3200 tei

89 3237 279 3301 Pistoclerus
300 3236 421 3300 amicus
443 3237 623 3320 respondet:

299 3335 368 3388 Tace
388 3336 478 3388 modo:
505 3335 571 3388 deus
591 3335 714 3402 respiciet
732 3351 781 3387 nos
801 3334 906 3402 aliquis,

88 3420 297 3475 Mnesilochus:
335 3422 435 3489 Nugae.

174 3510 315 3574 Tertium
329 3509 499 3594 Epicureae
521 3510 558 3572 de
580 3509 629 3572 dis
652 3509 809 3574 doctrinae
833 3508 1002 3589 vestigium
1025 3507 1204 3571 invenimus
1227 3507 1259 3569 in

91 3611 182 3675 initio
206 3609 395 3685 Mercatoris
419 3630 497 3692 quae
521 3609 625 3673 i'abuia
648 3611 703 3674 boc
728 3609 816 3673 modo
839 3608 969 3692 incipit:

108 3707 269 3762 Charinus:
306 3709 378 3762 Duas
398 3725 438 3761 res
458 3709 536 3761 simul
555 3726 627 3761 nunc
645 3726 723 3776 agere
742 3708 903 3761 decretumst
923 3708 999 3759 mibi:

164 3807 165 3810 ’
302 3797 334 3848 ut
352 3800 536 3862 argumentum
556 3800 582 3847 et
601 3811 673 3847 meos
693 3811 795 3848 amores
815 3794 931 3862 eloquar.

302 3883 360 3935 Non
379 3898 428 3949 ego
448 3882 510 3934 item
530 3881 607 3947 facio,
626 3889 656 3933 ut
675 3880 741 3934 alios
760 3881 787 3932 in
808 3880 951 3933 comoediis

307 3969 338 4020 Vi
358 3967 413 4020 ridi
431 3969 527 4020 amoris
546 3968 641 4032 facere,
661 3969 704 4036 qui
724 3973 771 4020 aut
789 3968 860 4020 noeti
880 3973 927 4019 ant
947 3968 983 4020 dii

302 4057 356 4107 Aut
375 4055 425 4108 soli
444 4059 490 4106 aut
509 4053 588 4106 lunae
607 4054 727 4106 miserias
746 4060 857 4106 narrant
875 4070 951 4106 suas:

303 4141 374 4204 Quos
393 4141 437 4208 pol
458 4156 506 4207 ego
525 4140 602 4192 credo
622 4140 751 4192 humanas
773 4141 950 4208 querimonias

302 4227 361 4290 Non
382 4227 451 4280 tanti
469 4227 564 4291 facere,
583 4226 647 4294 quid
666 4226 749 4278 velint
769 4226 832 4294 quid
852 4243 906 4278 nou
924 4225 1013 4278 veiint.

301 4313 383 4367 Vobis
402 4314 515 4367 narrabo
534 4314 624 4382 potius
643 4329 714 4366 meas
733 4329 804 4364 nuuc
824 4313 951 4365 miserias.
1083 4303 1084 4306 ¹
