3140 5068
832 509 869 520 ..
913 477 953 540 76
997 511 1034 522 ..

428 654 694 720 =cs.v.‘667:=1
767 663 779 698 ν’

489 754 538 807 vu
558 755 711 824 primarium
731 757 877 825 parasitum
899 755 971 823 (hinc
989 741 1106 811 indidem
1126 774 1280 826 expromam
1299 759 1366 823 tihi).

433 859 527 923 Porro
550 847 728 948 narrabant]
742 860 907 945 scriptores
936 862 1060 946 antiqui
1083 847 1301 948 Aristippum,
1331 882 1491 948 quamquam
1539 916 1540 919 ,

350 966 431 1024 esset
452 959 770 1045 philosophus-'apud
791 960 979 1045 Dionysium
998 983 1059 1027 non
1083 963 1221 1027 veritum
1243 983 1310 1028 esse
1332 963 1445 1028 saltare.

434 1061 479 1124 cf.
509 1059 597 1144 Diog.
627 1061 661 1124 L.
692 1060 723 1124 ll
752 1062 809 1126 78:
853 1065 911 1122 καί
938 1083 1020 1124 ποτε
1043 1063 1136 1142 παρα
1168 1061 1273 1126 πότον
1310 1062 1494 1131 κελεύσαντος

349 1163 523 1224 Διονυσίου
545 1159 682 1223 ἕκαστον
704 1160 740 1222 ἐν
763 1163 917 1243 πορφυρᾷ
940 1161 1059 1246 ἐσθῆτι
1086 1161 1384 1244 ὀρχήσασθαι
1406 1163 1494 1225 τόνδ’
1538 1151 1539 1190 ³

348 1259 560 1338 Ἀρίστιππον
580 1258 727 1339 λαβόντα
748 1260 801 1322 καὶ
823 1259 984 1339 μέλλοντα
1007 1261 1220 1344 ὀρχήσασθαι
1243 1254 1340 1326 εἶπεν

349 1354 374 1387 ”
433 1361 461 1424 Α
483 1380 544 1444 quo
565 1357 697 1425 minime
719 1360 866 1424 dissentit
886 1381 915 1426 v.
939 1363 1017 1426 668:

453 1461 519 1512 Tum
539 1460 572 1512 ad
590 1461 740 1514 saltandum
760 1477 814 1514 non
833 1459 960 1514 cinaedus
979 1463 1095 1515 malacus
1115 1467 1226 1531 aequest
1246 1467 1326 1532 atque
1346 1480 1398 1532 ego.

431 1563 512 1627 Tum
535 1563 685 1648 pretiosas
707 1573 810 1630 vestes
834 1565 927 1629 illum
949 1564 1117 1630 detestasse
1140 1574 1250 1644 notum
1273 1573 1337 1631 est:

431 1663 476 1726 ef.
500 1663 631 1728 Tertull.
661 1665 779 1750 apolog.
809 1666 879 1730 adv.
910 1671 993 1748 gent.
1017 1666 1076 1729 46:
1110 1665 1296 1750 Aristippus
1318 1669 1353 1731 iu
1371 1683 1492 1752 purpure

348 1763 404 1826 sub
420 1783 537 1844 mapua
552 1764 722 1844 prauitatis
735 1764 899 1845 superficie
915 1771 1082 1844 nepotatur
1097 1772 1128 1829 et
1152 1765 1284 1830 Luciani
1294 1767 1342 1832 bis
1352 1787 1441 1832 accus.
1452 1760 1491 1828 23:

347 1862 425 1942 ἐμός
446 1859 507 1943 γόρ
531 1862 548 1924 o‘
577 1862 677 1946 α’νήρ,
707 1860 749 1937 ὥς
773 1865 864 1928 ἐστιν
886 1862 967 1943 όρᾶν
995 1864 1065 1927 α’πό
1094 1867 1160 1926 τῶν
1184 1863 1361 1948 στεφάνων
1380 1867 1428 1929 καὶ
1453 1868 1493 1947 τῆς

348 1962 619 2044 πορφυρίδος
687 2007 695 2030 ;,
1205 2033 1208 2037 .

395 2119 399 2126 .
428 2063 701 2149 Periplecomenus
729 2072 835 2129 autem
867 2063 1025 2145 ,malaca“
1059 2065 1171 2130 saltem
1203 2075 1235 2132 et
1257 2069 1397 2149 ,·,calide“
1418 2065 1492 2132 vesti·

350 2169 455 2228 menta
478 2163 596 2246 flagitat
654 2199 669 2244 μ
756 2183 757 2186 ’
1053 2175 1059 2182 ’

451 2280 495 2344 Cf.
518 2302 548 2345 v.
573 2281 653 2345 687:

381 2377 454 2441 Quae
473 2381 536 2432 mihi
556 2396 699 2448 numquam
720 2380 769 2432 hoc
786 2380 871 2432 dicat:
899 2395 981 2446 ,eme,
1000 2381 1033 2452 mi
1055 2382 1102 2446 vir,
1123 2381 1220 2448 lanam,
1245 2385 1316 2437 unde
1342 2369 1492 2454 tietpaldum

379 2467 508 2519 Malacum
528 2471 554 2519 et
573 2467 687 2519 calidum
707 2464 863 2519 conficiatur
880 2467 1038 2534 tunicaeque
1061 2467 1187 2520 hibernae
1207 2470 1300 2536 bonae,
1396 2487 1397 2490 ¹
1445 2533 1448 2542 ι

380 2552 420 2605 Ne
440 2553 530 2621 algeas
550 2553 599 2605 hac
619 2552 718 2604 hieme“

346 2645 378 2702 et
397 2659 458 2704 non
482 2637 594 2724 pannis
616 2639 766 2703 vestitum
789 2658 861 2701 eum
886 2638 918 2701 in
940 2659 1063 2702 scenam
1087 2639 1210 2723 prodire
1233 2663 1344 2726 perse
1366 2649 1449 2728 patet.

427 2756 585 2820 Postremo
612 2754 649 2818 de
671 2754 814 2819 versibus
837 2756 898 2819 736
922 2762 954 2819 et
974 2757 1034 2820 737
1065 2777 1162 2840 pauca
1185 2759 1279 2824 verba
1301 2761 1425 2838 laciam,
1452 2753 1491 2820 ubi

349 2876 445 2919 senex
467 2854 666 2944 Pleusiclcm,
689 2853 743 2940 qui
763 2854 836 2919 deos
857 2855 1060 2941 vituperavit,
1083 2856 1246 2922 admonet:

519 2954 570 3034 Qui
589 2954 698 3007 deorum
717 2953 829 3007 consilia
848 2955 948 3023 culpet,
970 2955 1070 3008 stultus
1089 2957 1255 3026 inscitusque
1274 2959 1318 3024 sit,

524 3039 628 3109 Quique
647 3035 691 3095 eos
711 3041 851 3110 vituperet.

429 3145 497 3210 Etsi
520 3144 583 3209 tale
605 3145 682 3230 quid
704 3145 742 3210 de
765 3145 929 3232 Aristippo
954 3145 1044 3210 nobis
1066 3168 1127 3212 non
1151 3155 1199 3212 est
1219 3147 1383 3230 traditum,
1409 3155 1492 3210 ternu

345 3268 363 3311 a
386 3246 545 3311 Theodoro
568 3245 686 3310 librum
715 3245 834 3310 scimus
855 3267 921 3311 esse
945 3246 1170 3332 compositum,
1201 3247 1290 3313 cuius
1310 3249 1420 3314 titulus
1439 3265 1492 3309 ean·

348 3346 420 3411 dem
440 3345 629 3410 sententiam
653 3345 841 3411 continebat.

431 3463 477 3528 cf.
499 3462 629 3548 Epicuri
650 3465 741 3546 lrgm.
764 3463 824 3527 391
849 3461 950 3544 (Diog.
972 3463 1006 3527 L.
1029 3465 1062 3527 II
1084 3463 1155 3546 ou:
1185 3453 1227 3549 ἢν
1248 3465 1286 3527 δὲ
1309 3465 1326 3528 ό
1350 3460 1493 3539 Θεόδωρος

347 3562 567 3626 παντάπασιν
588 3561 733 3643 α’ναιροῖν
755 3561 814 3634 τός
837 3561 912 3639 περὶ
935 3565 1026 3624 θεῶν
1047 3563 1147 3639 δόξας
1167 3566 1221 3627 καὶ
1244 3564 1348 3630 αότοῦ
1371 3554 1493 3644 usqisti·

346 3651 447 3744 χομεν
466 3662 581 3744 βιβλίῳ
603 3663 852 3745 ἐπιγραφομένῳ
868 3662 950 3741 Περὶ
973 3664 1064 3725 θεῶν
1086 3660 1144 3727 oria
1167 3663 1447 3750 εὐκαταφρονήτῳ,
1468 3657 1494 3750 ἕξ

350 3751 389 3826 οὗ
412 3781 516 3846 φασιν
534 3761 723 3841 Ἐπίκουρον
743 3761 785 3824 τό
808 3760 950 3824 πλεῖστα
971 3761 1117 3842 λαβόντα
1139 3765 1255 3829 εἰπεῖν.

432 3879 611 3944 Theodorus
632 3888 738 3944 autem
766 3877 942 3963 discipulus
963 3887 1029 3944 erat
1050 3881 1223 3967 Aristippi,
1254 3889 1291 3948 ut
1314 3883 1374 3948 etsi
1395 3872 1492 3948 nonrd

349 3976 430 4042 hunc
451 3978 565 4063 ipsum,
588 3986 694 4044 tamen
719 3980 759 4043 ad
780 3986 898 4043 sectam
921 3977 1049 4062 quidem
1071 3981 1273 4066 Cyrenaicum
1295 3983 1470 4066 delegemus

429 4095 520 4159 Nunc
551 4117 622 4160 vero
649 4094 748 4158 animi
777 4094 958 4180 ingeniique
986 4094 1121 4161 indolem
1147 4097 1312 4182 utriusque
1341 4108 1494 4185 spectemus

348 4201 380 4257 et
400 4193 578 4273 videamus,
603 4216 679 4258 num
702 4215 737 4258 ea
759 4215 881 4278 quoque
905 4195 1014 4260 eadem
1036 4195 1078 4259 sit
1098 4197 1182 4281 apud
1202 4197 1403 4285 Aristippum
1422 4203 1494 4277 arque

348 4293 648 4378 Periplecomenum.
