3140 5068
543 435 749 498 ..49-

143 615 290 680 Conferas
313 612 454 678 Pseudol.
478 636 507 679 v.
529 615 600 682 390.
647 613 820 678 Pseudolus
841 613 1020 681 Calidorum
1050 613 1230 696 „hominem

40 724 208 796 astutum,
241 716 383 792 doctum,
418 724 544 779 cautum
576 721 608 779 et
641 713 808 791 callidum,
849 715 904 799 qui
935 717 1090 802 imperata
1121 718 1229 782 ellectu

41 817 183 894 reddat,
214 837 274 882 non
297 815 352 899 qui
383 814 518 898 vigilans
540 814 704 896 dormiat,“
736 814 797 878 sihi
826 815 979 882 adducere
1001 816 1109 898 iubet,
1140 819 1230 883 cuius

40 915 360 982 auxilioBalliouem
381 916 525 980 lenonem
543 916 685 1001 decipere
697 915 804 1001 possit.
848 916 885 981 Ei
898 916 1073 982 Callidorus
1084 917 1228 1004 opponit:

163 1015 244 1069 Pauci
263 1032 295 1070 ex
315 1015 404 1067 multis
423 1019 486 1067 sunt
504 1016 591 1078 amici,
611 1015 710 1068 homini
730 1016 775 1083 qui
795 1017 860 1069 certi
879 1017 956 1070 sient.

59 1101 121 1156 Ps:
163 1102 219 1170 Ego
239 1103 293 1155 scio
313 1101 397 1154 istuc:
416 1117 478 1169 ergo
498 1109 640 1170 utrumque
659 1101 708 1153 tihi
728 1117 800 1154 nunc
820 1101 945 1156 dilectum
963 1119 1029 1173 para

163 1192 250 1257 Atque
269 1204 300 1240 ex
320 1188 410 1240 multis
429 1188 538 1255 exquire
556 1187 610 1240 illis
629 1203 711 1240 unum
732 1188 777 1256 qui
796 1191 885 1241 certus
903 1189 962 1242 siet.

41 1277 152 1340 Porro
175 1273 355 1339 Trinummi
375 1295 405 1337 v.
425 1275 485 1338 617
508 1272 665 1339 Stasimus
687 1273 858 1338 exclamat:

161 1373 182 1426 0
202 1389 245 1427 ere
264 1371 426 1438 Charmides,
445 1388 523 1441 quom
543 1374 649 1442 apsenti
669 1373 712 1426 hic
729 1377 777 1426 tua
795 1387 837 1426 res
856 1371 1014 1426 distrahitur
1031 1373 1090 1438 tihi,

160 1459 267 1513 Utinam
287 1463 314 1512 te
333 1459 433 1512 redisse
452 1459 551 1513 salvom
570 1460 683 1524 rideam,
702 1464 732 1512 ut
750 1459 872 1512 inimicos
891 1463 952 1512 tuos

160 1545 309 1599 Ulsciscare
328 1550 354 1598 et
372 1545 445 1614 mihi,
463 1549 494 1598 ut
512 1561 575 1612 erga
593 1549 619 1597 te
638 1544 677 1598 lui
696 1549 721 1598 et
741 1561 810 1612 sum,
830 1545 928 1598 reisras
947 1545 1068 1613 gratiam.

161 1633 278 1684 Nimium
297 1631 431 1690 difficilest
449 1631 560 1701 reperiri
578 1632 693 1686 amicum
712 1633 799 1684 itaut
817 1647 914 1686 nomen
932 1630 1011 1696 cluet,

163 1718 231 1782 Quoi
251 1723 323 1771 tuam
344 1735 422 1788 quom
442 1735 495 1772 rem
515 1718 667 1784 credideris,
687 1719 745 1772 sine
764 1720 835 1772 omni
854 1735 918 1772 cura
937 1717 1062 1774 dormies.

40 1804 188 1890 Saepius
218 1804 301 1889 apud
322 1805 469 1869 Plautum
502 1825 594 1869 verus
624 1804 744 1869 amicus
772 1805 849 1870 falso
878 1803 1055 1889 opponitur.

135 1903 268 1969 Casinas
290 1927 318 1968 v.
342 1906 402 1970 615
432 1903 619 1988 Lysidarnus
653 1912 820 1990 postquam
850 1904 988 1968 amioum
1021 1903 1230 2004 vituperavit,

41 2005 135 2089 quod
162 2025 291 2068 uxorem
312 2004 350 2068 ed
374 2025 406 2068 se
430 2021 491 2074 nou
513 2004 653 2086 miserit,
683 2004 791 2069 statim
824 2025 896 2068 cum
929 2003 984 2068 ille
1007 2025 1039 2068 se
1061 2026 1129 2070 eam
1154 2005 1231 2071 mis-

41 2125 166 2168 surum
189 2124 256 2167 esse
278 2103 473 2188 promiserit:

163 2212 240 2265 Nunc
259 2216 297 2278 tu,
323 2205 437 2290 inquit,
465 2213 529 2267 mihi
548 2215 650 2267 amicus
671 2227 699 2267 es
718 2214 746 2267 in
765 2230 918 2282 germanum
938 2213 1083 2282 modum.¹)

40 2312 235 2380 Trinummi
259 2334 288 2376 v.
311 2311 353 2374 90
372 2311 517 2377 Callicles
536 2320 683 2397 quattuor
713 2312 885 2376 amicorum
908 2332 1021 2396 genera
1041 2310 1229 2395 distinguit:

39 2415 191 2500 primum
208 2411 325 2476 amicos
341 2432 437 2490 veros,
461 2411 573 2476 deinde
588 2413 706 2478 amicos
724 2432 801 2496 quos
819 2412 989 2491 existimat,
1012 2419 1079 2476 tum
1099 2412 1229 2510 amicos,

40 2515 99 2599 qui
125 2512 225 2576 amici
243 2519 349 2576 utrum
369 2510 433 2575 sint
453 2534 493 2576 au
515 2512 638 2578 inimici
656 2535 716 2579 non
740 2520 839 2598 potest
855 2513 1039 2594 discerncre,
1071 2519 1227 2598 postremo

40 2615 192 2680 amicum
219 2611 445 2676 certissimum:

157 2710 250 2764 llahen
269 2716 299 2764 tu
318 2711 430 2764 amicum
450 2717 497 2766 aut
515 2711 673 2768 familiarem
693 2713 852 2782 qnempiam,

158 2803 226 2867 Quoi
245 2808 338 2873 pectus
358 2803 448 2872 sapit?
482 2799 605 2883 quaerit
625 2799 858 2884 Megaronides3

161 2903 271 2972 Edepol,
297 2898 460 2981 respondet
477 2897 630 2978 Callicles,
658 2906 729 2963 haud
748 2906 834 2958 dicam
853 2905 930 2958 dolo:

160 2995 229 3049 Sunt
247 3011 314 3065 quos
333 2998 388 3050 scio
407 3013 465 3050 esse
484 2999 592 3063 amicos,
610 3003 673 3051 sunt
692 3015 759 3068 quos
777 2999 908 3068 suspicor,

160 3081 229 3134 Sunt
247 3099 358 3151 qnorum
378 3084 485 3152 ingenia
505 3088 585 3153 atque
604 3086 706 3138 animos
724 3101 827 3154 nequeo
847 3099 965 3150 noscere,

159 3167 200 3220 Ad
220 3169 297 3221 amici
316 3173 419 3238 partem
438 3186 472 3223 an
491 3171 524 3223 ad
544 3172 644 3224 inimici
665 3176 823 3239 pervenant:

158 3253 210 3306 Sed
228 3258 259 3306 tu
277 3271 309 3307 ex
328 3257 420 3309 amicis
440 3258 518 3310 certis
537 3257 601 3310 mihi
619 3256 641 3310 's
660 3259 832 3311 certissimus.

136 3340 274 3405 Multum
294 3342 332 3405 de
348 3343 437 3407 falsis
452 3343 563 3408 amicis
579 3344 839 3429 philosophantur
857 3343 1045 3409 Pistoclerus
1067 3350 1098 3406 et
1111 3341 1226 3406 Mnesi-

45 3441 163 3507 lochus
185 3441 331 3507 Baechid.
353 3465 384 3508 v.
407 3444 468 3509 540
489 3464 553 3528 sq.:

156 3539 235 3592 uuiti
254 3557 326 3594 more
344 3543 395 3595 isto
417 3548 497 3612 atque
516 3544 635 3612 exemplo
654 3545 755 3610 vivont,
775 3559 840 3613 quos
860 3558 939 3612 quom
959 3558 1068 3596 censeas

157 3625 224 3678 Esse
243 3628 350 3696 amicos,
369 3630 538 3698 reperiuntur
555 3630 616 3682 falsi
634 3630 801 3696 falsimoniis,

157 3712 262 3781 Lingua
281 3714 395 3782 factiosi,
414 3717 512 3769 inertes
531 3732 620 3785 opera,
639 3717 759 3769 sublesta
777 3715 837 3770 tide.

158 3799 255 3852 Nullus
275 3805 324 3866 est,
343 3803 405 3870 quoi
424 3818 478 3855 nou
496 3802 632 3856 invideant
652 3820 705 3856 rem
725 3804 868 3857 secundam
889 3804 1038 3871 optingere.

64 3883 131 3938 111:
161 3885 263 3954 Edepol
282 3904 315 3940 ne
334 3892 364 3940 tu
383 3888 487 3941 illorum
506 3905 591 3942 mores
610 3907 736 3960 perquam
757 3891 882 3943 meditate
901 3894 985 3943 tenes.

158 3972 212 4025 Sed
230 3974 309 4026 etiam
328 3992 409 4027 unum
429 3975 493 4028 hoc:
523 3992 555 4027 ex
574 3977 681 4044 ingenio
701 3978 769 4030 malo
790 3976 887 4030 malum
906 3977 1048 4029 inveniunt
1068 3990 1131 4026 suo:

158 4058 233 4111 Nulli
252 4061 329 4114 amici
348 4065 420 4127 sunt,
439 4061 560 4114 inimicos
579 4062 630 4131 ipsi
650 4063 678 4115 in
697 4079 756 4116 sese
775 4064 860 4116 omnis
878 4063 986 4116 hahent.

123 4271 151 4338 1)
172 4270 211 4323 Ol.
231 4271 355 4326 Bacchid.
375 4290 398 4325 v.
418 4271 469 4325 384
488 4273 559 4341 (pag.
577 4271 633 4339 47).
