3140 5068
793 439 1001 503 „26-

310 638 400 699 aegre
422 615 604 701 impetravit
633 616 724 702 eique
747 625 902 702 postremo
931 617 1102 702 persuasit,
1132 624 1168 682 ut
1189 616 1256 702 ipse
1280 615 1445 698 virginem
1473 640 1495 681 a

312 719 406 780 fratre
423 716 567 801 postulet.
604 717 685 782 Tum
698 715 803 780 Philto
820 718 923 782 dehis
940 718 1060 803 nuptiis
1077 739 1184 782 secum
1200 716 1340 801 loquitur
1358 739 1387 781 v.
1402 718 1493 782 392:

494 815 553 868 Non
572 821 679 884 optuma
700 816 764 868 haec-
784 822 847 870 sunt
865 834 952 886 neque
971 822 1000 892 ut
1019 833 1067 886 ego
1086 832 1178 870 aecum
1197 831 1301 882 censeo,

488 902 585 954 Verum
606 902 715 954 meliora
733 908 796 955 sunt
814 921 892 972 quam
912 920 980 973 quae
1000 903 1157 956 deterruma.
1199 899 1202 902 ’

311 1006 369 1069 llis
399 1027 521 1090 quoqne
557 1005 589 1069 in
631 1006 775 1070 versibus
809 1007 1071 1094 compensationis
1110 1006 1290 1092 exemplum
1323 1005 1493 1069 habemus.

312 1107 390 1172 Nam
421 1106 558 1170 dolorem
589 1127 823 1191 nonnumquam
854 1109 1047 1195 perpetimur
1081 1131 1143 1174 non
1173 1108 1284 1185 solum,
1315 1114 1349 1170 ut
1380 1114 1493 1190 postea

310 1206 461 1271 maiorem
483 1205 676 1290 voluptatem
691 1228 902 1291 assequamur,
927 1209 979 1273 sed
1003 1208 1109 1289 etiam,
1132 1207 1163 1272 id
1182 1206 1263 1291 quod
1283 1206 1386 1270 adhuc
1409 1227 1491 1270 nen-

310 1307 386 1374 dum
405 1315 452 1370 est
474 1306 651 1392 expositum
668 1316 806 1372 attamen
829 1329 932 1393 perse
950 1315 1043 1394 patet,
1066 1329 1105 1372 ne
1121 1308 1155 1372 in
1175 1307 1327 1371 maiorem
1346 1306 1491 1371 dolorem

311 1406 497 1475 incidamus.

395 1524 440 1586 Cf.
470 1523 532 1588 Cic.
563 1523 592 1588 d.
625 1525 646 1587 f.
679 1524 694 1587 I
726 1524 781 1588 18:
817 1523 908 1588 Idem
937 1525 1028 1588 dium
1059 1521 1196 1588 dolorem
1228 1541 1320 1606 saepe
1348 1522 1490 1605 perpeti·

311 1629 419 1699 antor,
442 1643 491 1703 ae,
513 1623 544 1686 si
565 1623 600 1687 id
621 1643 686 1686 eon
707 1623 841 1706 foeteat,
865 1625 1010 1690 incidant
1030 1626 1065 1688 ie
1085 1623 1246 1688 maiorem.

395 1737 508 1804 Statim
531 1749 635 1805 antem
659 1740 763 1806 Philto
785 1741 872 1806 aliud
888 1742 1016 1828 Epicuri
1038 1742 1155 1827 profert
1177 1739 1340 1826 placitum,
1363 1738 1401 1802 de
1423 1759 1486 1822 quo

310 1848 479 1928 antequam
500 1840 667 1925 disputem,
691 1841 792 1905 Stichi
814 1863 940 1906 versum
967 1844 1024 1910 120
1045 1850 1177 1906 tractare
1200 1839 1308 1917 velim,
1332 1837 1484 1923 quicum

310 1937 366 2002 illo
389 1939 567 2014 Trinummi
592 1940 656 2005 loco
677 1963 823 2024 magnam
847 1942 941 2006 habet
962 1941 1218 2020 similitudinem,
1254 1937 1403 2004 utillum
1428 1959 1484 2023 per

314 2037 396 2102 hunc
418 2039 618 2125 interpretari
641 2041 805 2126 possimus.
857 2041 998 2128 Antipho
1028 2063 1065 2104 ex
1088 2039 1253 2124 Pamphila
1275 2046 1306 2102 et
1328 2038 1483 2122 Panegyri

313 2137 447 2216 filiabus,
480 2147 586 2206 utrum
608 2140 761 2222 virginem
796 2141 909 2206 melius
948 2141 990 2205 sit
1022 2141 1054 2205 in
1092 2139 1329 2205 matrimonium
1369 2139 1482 2202 ducere

312 2239 442 2322 quaerit,
467 2261 506 2303 an
527 2240 665 2319 viduam,
689 2261 820 2325 quarum
841 2241 939 2305 altera
961 2224 1126 2325 respondet
1147 2239 1335 2324 Panegyris:

381 2336 485 2399 Quanta
502 2355 560 2391 mea
579 2340 737 2408 sapientiast

384 2424 422 2483 nx
441 2424 516 2477 malis
537 2425 626 2478 multis
646 2427 742 2479 malurn
763 2427 833 2495 quod
853 2428 1033 2493 minumumst,
1052 2426 1078 2478 id
1099 2425 1239 2477 minumest
1259 2423 1364 2477 malum.

313 2509 442 2594 Epicuri
475 2511 626 2598 placitum
662 2512 706 2577 ita
738 2522 864 2578 auctum
899 2514 1057 2587 videmus,
1090 2520 1125 2576 ut
1158 2511 1276 2574 malum
1300 2508 1480 2588 minimum,

312 2611 411 2694 quod,
433 2618 467 2674 ut
491 2611 593 2678 maius
616 2613 818 2696 effugiamus,
848 2613 1028 2696 eligendum
1051 2620 1106 2690 cst,
1130 2611 1257 2675 omnine
1279 2609 1398 2674 malum
1419 2630 1480 2672 non

315 2709 379 2774 iam
402 2711 588 2777 nominetur.
602 2711 626 2794 ¹)

397 2830 487 2894 Nunc
507 2831 546 2896 ad
568 2831 746 2896 Philtonem
770 2831 941 2909 redeamus,
965 2829 1020 2913 qui
1040 2851 1070 2893 v.
1087 2828 1156 2893 ’394
1176 2825 1294 2913 pergit:

485 2930 536 2983 Sed
558 2931 606 2984 hoe
625 2947 706 2984 unum
726 2930 878 2984 consclatur
898 2947 937 2982 me
958 2933 1037 2999 atque
1056 2929 1172 2981 animum
1192 2943 1287 2991 meum,

487 3016 556 3081 Quia
575 3019 620 3086 qui
638 3017 676 3074 nil
697 3017 778 3083 aliud,
797 3017 849 3070 nisi
869 3015 938 3085 quod
960 3016 1010 3068 sihi
1032 3014 1081 3068 soli
1100 3013 1197 3082 placet,

487 3104 608 3157 Consulit
628 3104 767 3166 advorsum
786 3102 879 3167 filium,
898 3119 982 3171 nugas
1002 3103 1070 3170 agit:

488 3191 569 3242 Miser
586 3207 618 3242 ex
639 3191 727 3242 animo
746 3191 784 3252 tlt,
803 3189 899 3242 laetius
918 3188 972 3241 nilo
991 3188 1064 3241 facit.

489 3276 558 3330 Suae
578 3278 708 3330 senectuti
727 3278 750 3330 is
769 3277 894 3330 acriorem
916 3277 1025 3345 hiemem
1045 3282 1129 3342 parat,

487 3363 570 3426 Quom
589 3362 662 3416 illam
682 3364 859 3432 importunam
879 3365 1063 3432 tempestatem
1082 3361 1196 3413 conciet.
1207 3356 1228 3424 ¹)

315 3451 359 3514 lle
383 3471 475 3514 versu
496 3470 590 3531 ,suae
613 3450 765 3514 senectuti
788 3448 816 3512 is
831 3449 983 3513 aeriorem
1006 3447 1141 3511 hiemem
1164 3442 1273 3530 parat“
1295 3443 1384 3508 etde
1406 3462 1476 3505 voce

314 3549 575 3634 „tempestatem“
603 3549 715 3632 agitur.
760 3547 905 3633 Epicurei
937 3547 1022 3614 enim
1054 3567 1211 3611 summam
1244 3542 1475 3615 beatitudinem,

313 3670 407 3734 quam
423 3658 457 3713 ut
473 3649 720 3735 adipiscerentur
737 3657 768 3712 et
784 3647 846 3712 sibi
867 3657 1037 3728 servarent,
1054 3666 1176 3710 summo
1194 3665 1284 3730 opere
1300 3641 1476 3708 hominibus

314 3750 502 3814 studendum
538 3757 634 3827 esset,
667 3748 846 3813 statuebant
874 3747 973 3811 animi
1005 3745 1271 3831 tranquillitatem
1304 3742 1475 3825 omniaque,

314 3870 393 3933 quae
416 3849 495 3914 hanc
517 3848 669 3934 impedire
693 3857 831 3933 possunt,
854 3847 991 3933 exempli
1022 3846 1122 3930 gratia
1155 3846 1284 3910 deorum
1309 3851 1428 3907 metum
1449 3849 1478 3904 et

314 3949 423 4014 mortis
445 3948 635 4033 similiaque,
655 3947 737 4012 siout
758 3947 820 4012 iam
843 3947 993 4032 vidimus,
1016 3946 1228 4011 semovebant.
1274 3945 1371 4022 Quam
1397 3951 1476 4007 tran-

385 4181 412 4249 1)
430 4181 516 4234 Aliter
533 4181 596 4249 Leo,
613 4181 700 4234 Plaut.
719 4180 827 4234 Forseh.
845 4195 906 4249 pag.
925 4178 983 4232 ll'l.

381 4267 409 4337 2)
428 4267 505 4322 Hunc
523 4268 609 4322 locum
629 4266 731 4322 Birtius
748 4267 813 4320 mihi
830 4266 967 4320 indicavit.
