3140 5068
563 459 770 526 ..33-

160 637 312 723 Sequitur
333 639 416 725 apud
438 639 604 706 Plautum:

515 757 604 794 rernm
624 756 707 809 egone
726 742 896 798 candacem
915 741 1032 806 domum,

111 823 187 885 Quae
208 824 273 880 mihi
289 843 433 896 numquam
452 827 502 881 hoc
520 827 605 883 dicat:
627 844 708 896 „amq
727 829 763 880 mi
781 829 829 893 air,
849 827 946 890 lanam,
964 827 1035 884 nuda
1054 827 1104 884 tibi
1123 827 1232 897 pallium

109 908 247 966 Malacam
264 916 291 964 et
308 912 424 966 calidum
443 913 600 968 conficiatur
618 915 776 983 tunicaeque
796 914 921 966 hibernae
941 914 1035 980 bonae,

111 997 151 1052 Ne
172 997 263 1066 algeas
283 999 331 1052 hac
351 999 470 1054 hiemei“
509 1001 558 1054 hoc
577 1018 719 1070 numquam
738 1002 846 1053 verbum
866 1016 897 1052 en
916 1016 998 1053 uxore
1017 1001 1125 1054 audias:

110 1085 211 1138 Verum
231 1087 306 1155 prius
325 1103 403 1154 quarn
421 1087 485 1155 galli
504 1092 620 1152 cantent,
640 1105 708 1157 quae
729 1104 769 1140 me
788 1104 802 1141 e
821 1103 913 1140 somno
932 1089 1043 1140 suscitet
1063 1127 1083 1140 ..
1189 1089 1241 1141 690

76 1173 197 1248 Quibus
221 1194 292 1237 cum
315 1174 457 1239 versibus
484 1176 564 1259 apud
588 1176 837 1261 Theophrastum
859 1195 920 1238 non
943 1174 1040 1238 habeo
1063 1175 1143 1259 quod
1167 1197 1248 1240 com·

76 1294 193 1356 parem,
217 1273 280 1337 nisi
304 1275 476 1358 quodcum
500 1297 592 1341 versu
615 1277 676 1340 690
697 1283 768 1360 apte
793 1274 1019 1360 paragraphum
1041 1275 1083 1338 49
1106 1275 1247 1360 componi

74 1395 163 1458 posse
186 1375 332 1439 arbitror:
370 1375 484 1438 duride
500 1399 562 1460 per
582 1385 687 1440 aoeies
709 1382 791 1440 totos
806 1379 957 1458 querulae
971 1377 1211 1461 conquestiones,
1222 1374 1248 1458 ¹)

77 1496 150 1538 nam
174 1495 276 1559 neque
298 1475 569 1561 Periplecomenus
593 1499 692 1563 neque
722 1478 846 1563 sapiens
869 1484 995 1563 propter
1016 1477 1123 1542 uxoris
1146 1477 1248 1561 iurgia

75 1596 222 1640 somnum
246 1597 353 1660 capere
376 1584 513 1661 possunt.

157 1677 277 1740 Rursus
309 1685 414 1741 autem
447 1699 539 1762 quam
564 1678 695 1742 mirilico
732 1678 944 1758 incommoda,
978 1700 1058 1762 qnae
1086 1689 1248 1747 enumerat

76 1798 180 1856 senex,
204 1798 276 1840 cum
298 1776 537 1863 Theophrasteis
559 1778 755 1844 consentiant
776 1778 1024 1842 animadvertas:

280 1877 321 1940 da,
341 1878 375 1928 mi
394 1878 442 1938 vir,
461 1877 585 1930 Calendis
604 1894 687 1930 meam
709 1878 754 1945 qui
775 1882 882 1930 matrem
904 1893 1053 1930 muneram:

215 1962 253 2015 Da
272 1963 316 2031 qui
336 1964 431 2016 faciam
452 1963 628 2026 condimenta,
647 1963 681 2017 da
700 1965 769 2033 quod
790 1964 848 2016 dem
868 1965 1082 2032 quinquatribus,

213 2048 400 2116 Praeconium,
419 2051 580 2110 coniectrici,
599 2051 717 2104 hariolae
736 2055 816 2118 atque
836 2051 1010 2119 haruspices:

215 2136 392 2204 Flagitiumst,
411 2137 433 2189 si
452 2137 488 2189 nil
510 2138 637 2202 mittetur,
659 2153 726 2205 quae
745 2137 887 2207 supercilio
906 2137 993 2205 spicit.

215 2222 280 2274 Turn
300 2222 462 2290 plicatricem
482 2223 625 2276 clementer
639 2240 692 2276 non
711 2228 799 2292 potest
819 2224 884 2291 quin
902 2239 1051 2279 manerem:

214 2307 266 2360 lam
287 2308 397 2377 pridem,
417 2309 479 2377 quia
498 2309 535 2361 nil
555 2310 705 2375 abstulerit,
724 2314 862 2366 suscenset
880 2309 1004 2362 coriaria:

212 2394 278 2446 'l'um
297 2395 427 2462 opstetrix
446 2395 624 2464 expostulavit
644 2413 754 2461 mecum,
773 2411 865 2464 parum
885 2395 994 2448 missum
1015 2394 1084 2446 sihi:

212 2479 300 2542 Quid?
325 2481 422 2533 nutrici
439 2496 494 2534 non
513 2481 652 2534 missuru’s
671 2482 821 2550 quicquam,
841 2497 908 2550 quae
928 2497 1022 2534 vernas
1043 2476 1111 2532 aliti

76 2565 255 2645 „Hariolas“
282 2566 366 2631 enim
390 2574 421 2630 et
444 2566 661 2653 „haruspicee“
687 2575 718 2631 ct
741 2566 975 2652 „plicatricem“
999 2566 1142 2630 invenies
1161 2567 1240 2646 frag·

74 2666 171 2729 menti
201 2663 297 2747 ξόἳ,
329 2687 519 2751 quamquem
551 2667 607 2731 hoc
637 2688 759 2752 quoque
790 2668 855 2730 loco
885 2686 1019 2731 conexus
1047 2687 1066 2729 a
1095 2663 1241 2729 Plautino

74 2765 234 2830 dissentit:
261 2768 352 2829 Anus
374 2773 400 2829 et
422 2767 581 2849 aruspices
603 2773 630 2830 et
651 2767 794 2830 barriclos
815 2773 842 2828 et
864 2767 1024 2829 institores
1043 2785 1241 2849 peramarum

73 2867 303 2950 sericorumque
325 2867 453 2929 uestium
481 2868 510 2929 si
531 2867 753 2943 intromiseris,
783 2865 961 2948 periculum
982 2864 1159 2944 pudicilius
1181 2870 1240 2927 est:

73 2964 101 3026 si
120 2964 336 3045 prohibueris,
365 2967 555 3050 suspicionis
576 2967 717 3042 iniuria:
740 2973 770 3029 et
794 2963 988 3047 „nutricem“
1015 2972 1045 3028 ct
1068 2961 1240 3044 ,‚vernam“

73 3061 168 3144 §512
202 3064 401 3128 Honorando
433 3067 546 3130 uultis
577 3067 646 3130 eius
677 3081 704 3128 et
731 3065 860 3149 perulo,
892 3086 1003 3129 serous
1032 3070 1184 3148 patericus
1212 3068 1241 3125 et

73 3163 222 3230 otuinuus
244 3171 271 3228 et
297 3163 459 3246 formosus
482 3169 601 3230 assecla
631 3174 657 3228 et
686 3172 877 3250 precaretur
897 3165 1136 3234 calamistratus
1156 3169 1184 3226 at
1205 3163 1241 3224 ire

72 3262 197 3349 loupum
219 3285 422 3351 securumque
444 3266 606 3330 libii-linem
629 3273 763 3329 eeseetus
784 3265 893 3349 spurio,
925 3265 981 3328 suh
1004 3264 1117 3344 quihus
1138 3263 1240 3326 notui*

72 3365 163 3428 uibus
184 3365 322 3428 adulteri
344 3365 536 3430 delitescunt.
547 3364 573 3446 l)

142 3557 168 3623 l)
188 3554 226 3610 Gi.
245 3555 301 3608 luv.
321 3561 371 3608 sat.
390 3556 426 3608 Vl
443 3555 491 3609 34:

291 3658 379 3696 nonne
398 3647 476 3712 pratas
496 3642 598 3706 melius,
618 3643 687 3710 quod
707 3646 792 3695 tecum
815 3641 891 3708 pusio
911 3639 1027 3696 dormit?

211 3729 296 3796 pusio,
316 3729 359 3796 qui
380 3733 460 3780 noctu
479 3744 532 3780 non
551 3729 646 3795 litigat,
668 3728 750 3794 exigit
770 3745 784 3779 a
804 3732 829 3778 te

209 3814 282 3868 nulla
300 3815 390 3868 iacens
408 3814 462 3868 illic
482 3815 648 3881 munuscula,
667 3832 715 3867 nec
734 3815 862 3882 queritur,
881 3812 950 3881 quod

209 3905 235 3952 et
253 3901 329 3952 lateri
350 3917 443 3969 parcas
462 3918 511 3954 ncc
531 3907 642 3970 quntum
666 3902 744 3953 iussit
763 3899 879 3952 anheles.

138 4005 167 4068 2)
185 4005 224 4058 (tf,
245 4005 299 4056 lur.
322 4009 370 4057 sat.
391 4005 426 4056 Vl
445 4004 510 4058 351:

271 4091 408 4159 longorum
428 4093 533 4146 vehitur
551 4094 652 4146 cervice
671 4093 805 4161 Syrorum.

322 4182 349 4232 et
368 4178 403 4231 Vl
421 4177 486 4232 353:

208 4264 333 4321 conducit
352 4265 470 4331 comites,
488 4264 588 4332 sellam,
605 4266 725 4331 cervical,
744 4267 850 4330 amicas,

206 4352 335 4406 nutricem
355 4360 381 4408 et
399 4350 502 4418 flavam,
522 4352 564 4408 cui
583 4351 628 4404 det
647 4352 779 4417 mandata,
798 4351 924 4421 puellam.
