3140 5068
820 461 1021 528 ...ομ

362 655 366 660 ’
420 633 466 705 Ol·
499 633 581 706 Plut.
612 631 741 726 Dionys,
774 633 829 708 1⁴9:
869 641 993 722 δωρεάς
1024 643 1062 706 δὲ
1087 640 1263 723 χρημάτων
1292 639 1414 708 πολλῶν
1438 644 1474 704 acl

339 735 494 816 πολλάκις
516 743 574 802 τοῦ
595 743 657 822 μὲν
678 739 840 818 διδόντος,
873 743 933 811 τοῦ
955 742 993 804 δὲ
1015 744 1061 826 μή
1083 743 1261 825 δεχομένου
1291 743 1404 825 παρών
1421 745 1476 820 ‘Apl-

337 859 482 916 στιππος
505 840 729 930 Πυρηναίοις·
752 839 921 924 duomilia,
944 843 1018 924 ἔφη,
1039 837 1274 931 μεγαλάψνχον
1294 836 1375 907 εἶναι
1390 839 1476 909 Διονύ·

336 957 416 1004 σιον.
465 939 579 1013 αὐτοῖς
618 945 680 1024 μὲν
718 941 780 1022 yc'p
816 937 915 1020 μικρά
963 941 1093 1004 διδόναι
1127 943 1289 1007 πλειόνων
1330 943 1476 1022 δεομένοις,

337 1039 489 1104 Πλάτωνι
512 1040 550 1109 δὲ
573 1040 680 1106 πολλοὶ
698 1035 802 1122 μηδὲν
823 1038 1037 1126 λαμβάνοντι.
1051 1041 1075 1123 ¹)

417 1137 463 1208 ll'e
486 1142 670 1210 divitiarum
690 1141 817 1228 quidem
835 1163 972 1208 amorem
992 1145 1107 1206 frustra
1120 1142 1204 1228 apud
1215 1143 1477 1228 Periplecomeuuu

333 1241 530 1326 quaerimus,
559 1242 611 1308 coi
631 1262 707 1312 esse
726 1263 800 1328 opes
823 1263 936 1327 eaeque
959 1243 1113 1307 maximas
1134 1263 1207 1306 cum
1230 1243 1383 1308 sodalium
1406 1243 1478 1306 verba

333 1339 519 1422 ostenduet,
551 1349 619 1404 tum
652 1341 719 1426 ipse
749 1362 872 1426 quoque
904 1342 1073 1428 profitetur.
1124 1341 1297 1408 Pleusicles
1318 1345 1357 1410 ab
1377 1343 1478 1407 homine

334 1447 400 1505 tam
423 1439 570 1527 locupleti
593 1463 692 1526 paene
713 1449 839 1508 veretur
859 1441 1014 1506 auxilium
1037 1450 1151 1526 petere.

416 1558 462 1623 cr·
483 1580 512 1623 v·
536 1560 614 1710 632·
631 1657 700 1722 Quid
720 1658 746 1710 id
766 1657 903 1726 estquod
923 1657 1043 1711 cruciat?
1071 1658 1144 1711 cedo.
1171 1658 1208 1724 (r.
1227 1658 1292 1725 617)

551 1741 600 1797 Pl:
626 1744 665 1798 lla
681 1749 708 1797 te
726 1749 850 1812 expetere
868 1761 901 1797 ex
920 1745 1017 1814 opibus
1035 1745 1145 1798 summis
1164 1746 1214 1798 mei
1234 1746 1342 1800 honeris
1360 1745 1436 1813 gratia

550 1871 552 1878 ,
622 1830 739 1899 llihique
757 1831 857 1882 amanti
876 1832 914 1884 ire
933 1831 1102 1900 opitulatum.
1448 1843 1452 1850 '

334 1935 454 2002 Deinde
476 1938 614 2000 conferas
636 1934 857 2000 Palaestrionis
879 1936 973 2000 verba
996 1957 1025 2000 v.
1050 1937 1128 2000 723:

454 2035 521 2088 Huic
541 2036 638 2088 homiui
659 2035 768 2102 dignum
790 2039 830 2088 est
848 2035 955 2090 divitias
974 2051 1032 2088 esse
1052 2041 1078 2086 et
1096 2035 1142 2087 diu
1160 2036 1240 2087 vitam
1261 2036 1327 2100 dari,

456 2121 506 2186 Qui
526 2128 552 2174 et
571 2138 623 2175 rem
644 2127 729 2174 servat

334 2197 435 2274 Senex
457 2217 565 2274 autem
588 2209 654 2294 ipse
677 2209 717 2272 de
739 2209 827 2274 bonis
848 2209 913 2273 suis
937 2209 1077 2294 loquitur

331 2332 361 2375 v.
372 2311 449 2375 676:
488 2315 568 2368 lleum
588 2317 686 2368 virtute
705 2322 745 2368 est
763 2319 790 2368 te
808 2316 879 2369 unde
899 2315 1016 2384 hospitio
1035 2316 1163 2383 accipiam
1182 2317 1254 2383 apud
1274 2332 1315 2369 me
1334 2316 1442 2368 comiter.

333 2411 450 2475 v.679:
487 2417 552 2472 Nam
574 2419 646 2484 milri,
666 2418 742 2472 deum
763 2419 860 2472 virtute
878 2418 974 2482 dicam,
992 2425 1101 2486 propter
1120 2417 1227 2470 divitias
1248 2433 1318 2470 meas

489 2499 577 2552 Licuit
595 2517 703 2553 uxorem
724 2501 840 2553 dotatam
860 2518 956 2570 genere
975 2516 1077 2554 summo
1095 2502 1200 2553 (lucere.
1270 2546 1273 2554 ,

332 2608 360 2649 v.
373 2587 449 2651 707:
488 2592 546 2645 llea
569 2594 636 2645 bona
660 2611 715 2646 mea
733 2599 815 2648 morte
834 2595 955 2664 cognatis
974 2593 1072 2655 didam,
1092 2594 1161 2646 iuter
1179 2607 1224 2645 eos
1243 2592 1365 2660 partiam.

334 2707 364 2750 v.
377 2687 454 2750 715:
492 2693 567 2747 Boua
587 2710 644 2746 mea
664 2695 769 2746 inhiant
787 2693 925 2762 (cognati),

418 2802 704 2870 vehementissimo
725 2827 829 2870 amore
853 2805 1029 2870 libertatem
1051 2801 1300 2887 amplectebatur
1313 2795 1483 2879 Aristippus,

333 2921 394 2984 qua
418 2922 478 2965 nou
501 2902 603 2966 solum
625 2904 807 2988 saepissime
823 2905 861 2968 ad
884 2903 1121 2969 immoderatam
1142 2900 1230 2965 illam
1255 2897 1383 2963 vivendi
1404 2895 1483 2959 licen·

331 2999 426 3078 tiam‚
461 3002 550 3066 cuius
572 3003 716 3087 exempla
735 3003 800 3068 iam
817 3004 926 3068 multa
947 3003 1100 3080 vidimus,
1134 3000 1187 3066 sed
1210 2999 1307 3064 etiam
1331 3005 1367 3061 ut
1387 2992 1485 3083 patriae

333 3121 470 3165 amorem
494 3102 689 3185 neglegeret,
720 3104 887 3189 perductus
917 3112 973 3170 est.
1016 3099 1207 3167 Libertatem
1239 3099 1326 3163 euim
1349 3098 1387 3163 ad
1414 3097 1485 3158 beate

332 3201 506 3266 vivendum
527 3203 613 3268 omni
635 3204 725 3270 modo
747 3205 954 3270 necessariam
975 3202 1146 3276 iudicabat,
1170 3221 1232 3286 qua
1253 3201 1292 3264 de
1310 3198 1486 3263 reducemur

331 3300 582 3386 aXeuophoute,
604 3304 686 3388 apud
706 3324 800 3387 quem
812 3305 995 3390 Aristippus
1018 3303 1085 3388 ipse
1107 3302 1145 3366 de
1164 3323 1200 3366 oa
1221 3299 1319 3364 dicit:
1344 3297 1485 3376 πειρῶμαι

332 3399 478 3481 βαδίζειν·
552 3401 592 3463 δι’
608 3402 808 3482 ἐλευθερίας,
830 3399 916 3486 ἥπερ
929 3402 1074 3484 μάλιστα
1093 3405 1174 3482 πρὸς
1189 3399 1403 3481 εὐδαιμονίαν
1420 3396 1485 3477 ἄγει.

334 3502 417 3578 Quae
440 3501 536 3565 verba
555 3523 626 3566 cum
650 3503 747 3568 abeo
778 3503 822 3567 ita
844 3503 1058 3589 explicentur,
1090 3512 1124 3567 ut
1146 3502 1283 3567 mediam
1306 3502 1411 3578 illam,
1438 3517 1487 3582 qua

334 3601 463 3665 libertas
483 3611 722 3687 compararetur,
745 3603 829 3668 viam
851 3623 952 3688 neque
974 3624 1046 3667 cum
1069 3603 1202 3689 imperio
1225 3625 1327 3688 neque
1348 3624 1415 3669 oum
1436 3620 1486 3665 ser-

333 3702 434 3766 vitute
457 3703 653 3768 coniunctam
676 3724 743 3767 esse
765 3703 866 3784 dicat,
896 3704 960 3767 iam
982 3703 1122 3769 Socrates
1147 3704 1277 3785 metuit,
1313 3727 1352 3770 ne
1374 3707 1427 3770 huc
1447 3701 1486 3764 via

333 3803 373 3866 ab
401 3803 487 3867 omui
514 3802 677 3868 hominum
708 3803 892 3868 commercio
923 3812 1091 3888 separetur,
1135 3805 1220 3881 Quae
1241 3803 1378 3870 Socratis
1408 3802 1486 3867 verba

335 3902 505 3966 benacum
529 3902 569 3966 iis
600 3904 817 3982 consentiunt,
846 3924 925 3989 quae
953 3905 993 3967 ab
1023 3904 1090 3988 ipso
1113 3903 1275 3989 Aristippo
1304 3901 1486 3990 pronuntiata

335 4001 501 4066 dicuntur:
534 4000 605 4064 ἀλλ’
626 3999 687 4082 ἐγώ
707 4025 765 4080 τοι,
788 4006 866 4086 epp,
896 4000 965 4066 οὐδ’
986 4001 1031 4075 εἰς
1052 4001 1221 4065 πολιτείαν
1242 4003 1387 4080 ἐμαυτόν
1406 4021 1487 4063 κατα-

333 4098 438 4178 κλείω,
455 4099 541 4164 cilici
559 4104 648 4177 ξένος
666 4103 839 4181 πανταχοῦ
855 4102 931 4180 είμί.
974 4101 1171 4188 Repudiabat
1185 4102 1282 4184 igitur
1297 4103 1352 4167 ille
1369 4099 1485 4189 patriam

335 4226 528 4233 ψ-

406 4283 432 4350 1)
451 4281 490 4335 cr.
511 4283 586 4349 erog.
603 4281 632 4333 o.
652 4281 675 4334 ιι
693 4282 735 4336 rs.
754 4283 796 4336 ar.
814 4283 856 4336 aa
878 4339 882 4348 ,
