3140 5068
833 494 1036 558 ..52-

344 679 404 754 cat,
435 671 518 760 qaod
539 671 673 751 dicitur,
702 673 817 738 multoc
841 673 962 738 modios
990 675 1069 739 caiis
1095 674 1190 739 cimai
1212 675 1361 742 edendos
1385 698 1466 760 esse,
1489 683 1513 742 ut

337 774 495 839 amicitiae
515 793 632 837 manas
654 774 809 854 expletam
830 774 879 838 sit.

422 872 536 938 Tribus
555 873 631 938 locis
650 871 732 957 apud
755 873 887 938 comicos
912 881 1016 959 poetas
1039 873 1095 938 hoc
1118 875 1319 960 proverbium
1352 879 1477 943 inveni.

423 974 468 1037 cf.
491 971 603 1037 incerti
626 980 732 1057 poetae
755 974 845 1055 irgm.
870 975 929 1038 176
950 974 1050 1055 (Koclr
1074 975 1121 1038 HI
1143 997 1211 1060 pag.
1234 976 1334 1057 442):

711 1066 760 1125 τὸν
779 1069 977 1144 θρυλούμενον

550 1151 624 1213 iter
640 1155 781 1231 μέδιμνον
799 1157 1043 1231 συγκατεδηδοκὼς
1056 1157 1147 1236 χρόνῳ

552 1244 620 1298 ἔστω
638 1246 717 1313 φίλος
734 1265 788 1301 σοι.

342 1333 423 1399 Tum
445 1333 554 1398 incert.
577 1355 607 1419 p.
631 1335 722 1416 frgm.
742 1336 802 1398 271
825 1331 927 1414 (Koch
948 1337 995 1402 ΙΙΙ
1017 1358 1085 1423 pag.
1108 1337 1201 1420 450:

552 1432 625 1494 dicia
642 1438 782 1512 μέδιμνον
800 1432 858 1512 ἅμα
878 1433 977 1508 φαγών
995 1439 1068 1505 (add.
1087 1433 1265 1513 ἀμνημονεῖ).

343 1529 486 1614 Denique
507 1529 590 1615 apud
612 1529 759 1592 Plautum
777 1528 907 1592 Casinae
926 1549 956 1592 v.
970 1529 1031 1593 538
1055 1528 1225 1594 Cleostrata
1245 1531 1279 1596 in
1303 1534 1425 1598 mariti
1449 1531 1518 1598 arni·

343 1652 415 1696 cnm
439 1629 591 1696 invehens
614 1629 671 1694 hoe
694 1629 892 1715 proverbium
915 1629 1085 1711 significat:

483 1729 535 1784 Sed
555 1745 644 1782 eccum
664 1730 800 1798 egreditur
817 1729 902 1782 senati
923 1729 1052 1796 columen,
1072 1731 1234 1798 praesidium
1255 1733 1342 1802 popli,

483 1817 557 1870 Meus
576 1817 688 1882 vicinus,
712 1832 769 1871 meo
788 1816 844 1869 viro
864 1816 910 1884 qui
929 1815 1042 1870 liberum
1061 1819 1200 1886 praehibet
1218 1819 1315 1885 iocum,

484 1905 544 1958 Non
566 1909 670 1958 ecastor
688 1904 748 1957 vilis
767 1908 884 1972 emptust
903 1902 1008 1956 modius
1028 1905 1072 1972 qui
1091 1906 1163 1958 venit
1181 1904 1254 1959 salis.
1267 1905 1285 1972 ¹)

429 1992 545 2058 Eodem
567 1992 674 2071 modo,
699 2013 759 2076 qno
780 2011 820 2054 ne
842 1990 939 2055 nimis
962 1998 1078 2056 temere
1101 2013 1195 2057 novos
1217 1993 1337 2058 amicos
1363 1995 1431 2060 sibi
1456 2016 1518 2059 con-

346 2093 499 2173 ciliarent
521 2091 664 2157 homines
687 2092 856 2157 monebant
871 2091 1082 2176 Peripatetici,
1105 2092 1221 2157 amicos
1243 2100 1372 2158 veteres
1395 2117 1516 2160 servm·

345 2194 399 2258 dos
421 2199 515 2277 atque
535 2192 713 2257 retinendos
732 2199 763 2256 et
783 2191 940 2256 amicitias
961 2199 1081 2256 veteres
1099 2192 1233 2276 optimas
1248 2194 1516 2278 suavissimasque

345 2301 412 2360 esse
435 2293 671 2358 contendebant.
715 2292 821 2356 Cicero
844 2292 919 2373 loco,
942 2313 1035 2376 quem
1056 2292 1148 2376 paulo
1166 2299 1238 2357 ante
1261 2293 1293 2356 in
1315 2294 1384 2359 alio
1403 2315 1515 2360 conexu

345 2393 525 2474 attulimuS,
555 2414 626 2457 cnm
648 2393 721 2457 vino
744 2393 904 2456 conferens
932 2391 1104 2456 amicitiam
1128 2400 1163 2456 nt
1185 2392 1259 2456 vina
1281 2396 1462 2460 veterrima
1480 2395 1516 2457 ita

346 2495 440 2559 etiam
463 2492 620 2558 amicitias
641 2491 823 2556 veterrimas
851 2491 1054 2556 suavissimas
1077 2491 1247 2557 existimat.
1290 2494 1334 2559 Ut
1360 2506 1514 2582 repetam:

346 2593 498 2660 Amicitia
520 2593 688 2657 veterrima
711 2612 850 2678 quaeqae
870 2599 905 2655 at
927 2612 963 2655 ca
985 2591 1070 2669 ciac,
1093 2612 1174 2672 potae
1194 2598 1375 2657 uetustatem
1401 2596 1515 2678 feruet

346 2715 410 2761 cece
433 2694 519 2759 debet
542 2692 746 2758 suavissima.

430 2797 527 2872 Quam
547 2790 734 2878 sapientiam
750 2812 788 2855 ex
799 2791 1006 2876 Theophrasti
1029 2791 1107 2858 libro
1128 2813 1194 2858 esse
1211 2793 1437 2878 depromptam
1459 2795 1513 2858 ian

346 2896 419 2961 inde
441 2901 578 2980 apparet,
601 2893 682 2976 qnod
705 2891 810 2956 statim
837 2891 979 2972 „modius
1001 2890 1095 2956 salis“
1117 2893 1267 2977 sequitur.

430 2994 521 3058 Haud
543 3012 630 3056 secus
652 2991 850 3078 Antiphanes
873 2990 950 3055 dicit
971 2993 1061 3076 frgm.
1085 2992 1146 3057 333
1165 2991 1265 3074 (Kock
1285 2995 1316 3058 ΙΙ
1337 3015 1413 3080 pag.
1432 2993 1513 3074 135):

541 3091 571 3143 ai
589 3087 653 3144 νέαι
671 3091 763 3158 φιλίαι
783 3086 938 3160 ἀναγκαῖαι
955 3088 1019 3163 μέν,
1038 3091 1067 3142 αἱ
1086 3089 1116 3143 δὲ

539 3177 657 3230 παλαιαὶ
673 3171 903 3249 α’ναγκαιότεραι.

344 3264 426 3328 Tum
456 3263 578 3345 videas,
613 3286 708 3350 quem
736 3265 775 3329 ad
805 3264 931 3329 modum
959 3265 1042 3350 apud
1073 3264 1220 3330 Piantnm
1242 3265 1369 3330 Trucnl.
1399 3289 1437 3332 v.
1466 3267 1513 3331 169

345 3370 465 3428 amator
488 3373 519 3428 et
540 3365 660 3430 amicus
683 3366 765 3430 inter
787 3387 819 3429 se
840 3372 1051 3452 opponantur:

345 3461 534 3532 Astaphium:
554 3467 664 3519 Amator
677 3465 790 3519 similest
803 3465 895 3534 oppidi
909 3466 1022 3519 hostilis.
1057 3460 1246 3517 Dinarchus:
1266 3463 1322 3527 Quo
1336 3449 1514 3532 argumente?

345 3549 424 3604 Aeta
450 3549 533 3613 Quam
553 3553 665 3621 primum
687 3553 833 3621 expugnari
853 3553 931 3620 potis,
950 3556 1003 3604 tam
1023 3552 1049 3605 id
1069 3555 1232 3621 optumumst
1250 3552 1357 3603 amicae.

364 3634 423 3690 DL:
449 3637 504 3705 Ego
521 3637 616 3704 fateor,
635 3639 680 3691 sed
699 3639 779 3708 longe
798 3639 876 3692 aliter
892 3645 933 3692 est
951 3639 1051 3691 amicus
1071 3643 1149 3707 atque
1168 3642 1283 3690 amator:

451 3723 527 3777 Certe
544 3725 632 3779 hercle
651 3742 728 3795 quam
748 3730 921 3791 retenemus,
941 3729 994 3777 tam
1014 3725 1113 3778 homini
1132 3728 1270 3793 optumuat
1288 3725 1396 3776 amicus.

430 3809 593 3895 Optimum
624 3810 787 3876 vinculum
817 3812 975 3877 amicitiae
1004 3819 1180 3876 statuerunt
1201 3811 1401 3896 Peripatetici
1436 3812 1514 3878 veri-

348 3917 455 3974 tatem.
506 3911 616 3995 Neque
644 3912 728 3976 enim
759 3913 853 3976 amici
883 3920 931 3976 est
959 3933 1082 3998 semper
1118 3911 1218 3976 amico
1246 3911 1392 3976 assentiri
1422 3919 1514 3998 atque

347 4008 476 4093 obsequi
510 4011 564 4074 sed
597 4010 718 4096 potins,
757 4013 900 4096 quotiens
933 4012 1121 4077 maleficium
1154 4032 1226 4076 eum
1264 4011 1513 4077 committentem

348 4107 510 4188 videmus,
541 4110 704 4194 obiurgare
727 4112 876 4176 debemus
901 4119 933 4176 et
954 4112 1114 4197 increpare
1136 4119 1167 4175 et
1188 4133 1313 4176 monere
1335 4120 1365 4176 et
1386 4112 1429 4176 ad
1454 4115 1513 4178 oiii·

348 4207 430 4273 cium
455 4210 610 4276 reducere.
655 4209 728 4274 Sine
748 4233 833 4275 mora
854 4205 1009 4295 flagitium
1025 4211 1124 4276 amico
1144 4212 1265 4276 obicere
1283 4212 1375 4276 debet
1394 4213 1513 4280 amicus

420 4341 445 4409 1)
462 4313 586 4410 disiice,
606 4344 691 4398 Piaut.
712 4345 818 4398 Forsch.
838 4362 863 4413 p.
884 4345 941 4398 115.
