3140 5068
540 459 738 521 „¹29-

129 635 281 703 Sooratiot
310 659 359 724 ep.
382 635 531 704 XXIX'd
561 635 759 724 (Aristippus
787 633 902 714 filiae):
936 638 1038 714 πειρῶ
1069 634 1108 698 δὲ
1135 635 1221 716 μετὰ

51 735 254 817 Ξανθίππης
281 738 335 798 καί
357 739 512 815 Μυρτοῦς
533 739 605 818 ζῆν,
638 735 680 810 ιδς
701 735 771 818 ἐμοὶ
796 733 891 816 φίλον
912 736 997 814 μετα
1019 736 1229 825 Σωκράτους,

53 836 151 898 πλέον
172 836 227 899 δαὶ
249 838 311 923 τήν
335 839 465 900 ἐκείνων
484 835 596 919 φιλίαν
614 836 757 923 σεαυτήν
779 833 968 908 στίλλοιισα·
991 839 1083 900 κεῖθι
1103 839 1165 918 γάρ
1183 839 1220 901 ad

53 937 193 1018 σοβαρὸν
214 937 274 999 οὐκ
295 937 478 1017 ἐπιχώριον.

131 1038 227 1103 Porro
249 1038 442 1103 omnimodo
465 1038 497 1104 id
517 1037 584 1122 agit
599 1057 704 1118 senex,
727 1058 766 1101 ne
783 1058 875 1121 quem
891 1037 1003 1117 laedat,
1027 1038 1084 1104 hae
1100 1059 1221 1124 quoque

53 1135 82 1199 in
105 1158 138 1201 re
161 1137 319 1223 Aristippi
342 1137 533 1222 discipulum
569 1137 735 1222 quiquam
760 1137 962 1208 vehementer
982 1159 1054 1204 eum
1076 1139 1222 1205 omnibus

53 1237 82 1300 iu
104 1238 248 1303 amicitia
270 1260 337 1303 esse
359 1247 406 1318 et,
438 1239 466 1304 si
491 1259 584 1323 quem
613 1237 761 1316 laeserat,
791 1258 885 1321 quam
908 1238 1070 1308 celerrime
1099 1239 1222 1305 ineius

54 1337 183 1417 gratiam
214 1338 316 1404 redire
348 1339 497 1417 voluerit,
531 1339 609 1404 berre
639 1337 787 1420 exDiog.
811 1338 977 1454 21122
990 1341 1220 1421 cognoscimus:

52 1436 216 1517 α’ργισδεὶς
236 1439 320 1518 προς
334 1439 490 1522 Αισχιιηι
511 1438 582 1519 μετ’
606 1462 643 1502 οι
637 1435 763 1501 ἶπολύ·
787 1460 824 1499 ον
848 1435 1163 1546 διαλαχδησόμείία,
1184 1463 1221 1502 ον

52 1539 269 1618 παυσόμεθα,
302 1529 387 1619 εἷπε,
415 1539 605 1621 automata·
637 1536 753 1600 ἀλλ”
729 1541 914 1616 αιαμειτῖς,
911 1504 1046 1610 ἒως”
1022 1561 1065 1600 αν
1087 1538 1143 1600 ἐπὶ
1166 1542 1224 1620 τίς

52 1636 215 1711 κύλικος“
194 1641 281 1722 ημᾶς
302 1590 462 1722 διαλλάξῃ
482 1661 549 1712 τις
537 1686 558 1717 ,
578 1638 632 1699 καὶ
655 1633 705 1710 ὅς·
740 1632 900 1717 ἄσμενος,
930 1638 1002 1720 epp.
1035 1634 1231 1724 μνημόντνελ

52 1742 170 1816 τοίνυν,
200 1729 336 1800 εἶπενιί
358 1738 581 1818 Ἀρίστιππος,
611 1734 663 1801 ὅτι
684 1755 736 1810 σοι
754 1735 913 1817 πρότερος
936 1735 1204 1819 πρεσβύτερος”
1177 1762 1223 1801 ων

54 1839 254 1922 προσῆλθον.
297 1840 351 1900 καὶ
367 1862 385 1902 o
377 1837 563 1921 ιΑἰσχίνης
586 1829 668 1920 atys,
690 1859 730 1921 νη
749 1837 809 1920 τήν
815 1834 933 1916 Ἥραις
957 1829 1148 1918 εὐλόγως
1114 1862 1222 1919 ιιπας,

54 1937 123 2000 ἐπεὶ
149 1937 260 2018 πολλῷ
280 1959 343 2018 μου
364 1937 542 2019 βελτίωνἰ
525 1936 692 2018 νπάρχεις·
713 1937 776 2018 ἐγιδ
801 1941 864 2016 μὲν
884 1937 945 2019 γαρ
967 1939 1099 2018 ἔχθρας,
1122 1937 1164 2002 οδ
1184 1939 1224 2001 δὲ

55 2033 207 2117 φιλί”ας
182 2060 304 2118 αρχεις.
319 2035 345 2119 ¹)

133 2137 287 2203 Deinde
278 2138 451 2221 iurgiomm
474 2147 570 2222 atque
591 2121 732 2202 altercat
708 2144 833 2201 tronum
858 2135 1132 2220 Periplectomenus
1153 2145 1222 2202 tarr-

55 2243 119 2301 tum
141 2238 231 2302 abest
251 2245 286 2301 ut
309 2237 529 2324 participetur,
552 2245 587 2301 ut
609 2237 737 2302 domum
759 2236 859 2302 abeat.

135 2339 226 2404 ld'em
247 2345 353 2402 autem
383 2337 420 2402 de
442 2337 607 2423 Aristippo
629 2336 726 2402 tradit
746 2335 836 2419 Diog.
860 2337 891 2399 L.
914 2337 945 2400 Il
969 2337 1025 2400 7οε
1059 2334 1222 2416 λοιδορού-

55 2438 149 2515 μειός
164 2460 245 2500 ποτε
266 2435 432 2518 αἰιχιόρτι,
475 2443 533 2501 τον
519 2437 580 2499 'r'd
597 2434 826 2508 ἐπιδιώκοντος
848 2433 1007 2508 ειπόιΝτος
1025 2439 1065 2498 τί
1080 2432 1225 2518 φειῖγτιςς

57 2533 111 2617 ὅτι,
135 2541 236 2620 φησί,
258 2560 317 2600 τοι
338 2542 399 2618 μὲι
420 2540 524 2612 κακῶς
544 2537 647 2618 λέγειν
669 2537 710 2601 od
732 2557 794 2620 την
816 2535 970 2664 ἐξουσίαν
993 2537 1083 2615 ἔχεις,
1106 2539 1166 2600 τοῦ
1187 2536 1224 2598 tt

55 2639 95 2718 pr)
114 2635 247 2702 α’κούειν
267 2635 338 2718 ἐγώ.

136 2737 248 2802 Simile
270 2738 345 2823 quid
369 2737 451 2823 apud
475 2736 643 2803 Stobaeum
667 2735 783 2818 legitur
803 2737 878 2801 llor.
895 2737 941 2815 19,
960 2737 995 2800 6:
1017 2735 1225 2815 Ἀριστιππος

56 2833 274 2917 λοιδοροῦντος
301 2836 512 2910 nortonam
542 2837 614 2918 ἔφη·
638 2839 696 2897 τοῦ
718 2839 780 2915 μὲν
801 2835 903 2914 λέγειν
930 2837 1034 2908 κακῶς
1056 2834 1097 2899 erl
1118 2831 1228 2917 κύριος-

57 2925 98 3012 τί,
127 2940 188 3000 τοῦ
208 2937 246 2998 δὲ
269 2936 399 3011 δικαίως
420 2931 554 3000 duodeno
576 2934 645 3017 ἐγώ.

135 3037 196 3136 Sed
227 3045 261 3101 ut
293 3037 463 3116 „orationis
493 3037 610 3101 iustam
642 3044 763 3122 partem
798 3036 939 3121 persequi
943 3033 1006 3099 tur‘
1007 3035 1222 3119 Peripleoo-

57 3157 182 3216 merus,
212 3137 257 3201 ita
279 3137 375 3202 etiam
398 3138 466 3202 eius
489 3137 637 3222 magister
659 3135 842 3221 saepissime
865 3155 920 3200 suo
940 3143 1083 3268 tempore
1103 3133 1223 3199 fortiter

56 3243 145 3321 atque
168 3237 267 3301 libere
290 3237 482 3322 loquebatur.
494 3233 520 3317 ¹)

66 3353 68 3358 ’
137 3337 176 3401 Et
210 3335 285 3401 haee
315 3337 441 3422 quidem
474 3336 511 3400 de
531 3336 674 3401 versibus
697 3337 798 3399 642-
801 3337 873 3400 655.
915 3335 1023 3399 Restat
1058 3341 1094 3398 ut
1126 3353 1224 3418 pauca

56 3437 166 3501 eddam
190 3438 229 3501 de
251 3437 388 3518 ratione,
423 3457 501 3520 quae
521 3437 605 3502 iuter
623 3436 823 3522 Aristippum
847 3443 878 3499 et
899 3435 967 3500 eius
988 3434 1105 3498 amieos
1127 3434 1223 3497 inter·

57 3536 191 3602 tedebat.
246 3535 376 3603 Summa
398 3537 544 3602 comitate
567 3557 638 3600 eum
662 3557 733 3620 erga
756 3535 811 3600 hos
840 3536 936 3600 fuisse
963 3534 1021 3598 etsi
1044 3531 1224 3598 testimonia

56 3655 112 3700 uon
137 3636 182 3702 ita
204 3638 305 3702 multa
325 3645 407 3717 suut,
431 3658 501 3702 aum
519 3657 574 3722 per
595 3657 627 3701 se
644 3645 738 3722 patet,
760 3645 828 3701 tum
845 3658 883 3700 ex
895 3635 1020 3700 Aeliani
1035 3635 1100 3699 loeo
1118 3633 1223 3716 colligi

57 3745 165 3821 potest.
773 3728 798 3768 ’-

65 3853 68 3860 ‘
137 3839 182 3903 cf.
212 3837 335 3902 Aeliam
361 3860 390 3902 v.
412 3838 442 3902 h.
474 3839 534 3903 Vll
555 3839 591 3903 3:
623 3839 834 3918 Ἀρίστιππος
863 3837 1000 3917 ἑταίρων
1021 3835 1110 3916 αὐτῷ
1128 3836 1225 3898 τινῶν

57 3935 260 4018 ὀδυρομένων
281 3933 470 4018 βαρύτατα,
501 3935 608 4000 πολλδ
635 3942 698 4018 μὲν
718 3939 773 3999 καὶ
793 3934 879 4004 ἄλλα
911 3939 993 4018 πρὸς
1012 3937 1131 4011 edredo
1149 3927 1225 3998 εἷπε

56 4035 158 4120 λύπης
173 4035 409 4116 α’νασταλτικά,
431 4038 485 4099 καὶ
507 4039 614 4100 ταῦτα
636 4038 672 4101 δὲ
690 4040 726 4102 ἐν
745 4043 933 4120 προοιμίοις·
956 4037 1036 4102 ἀλλ”
1050 4032 1227 4120 ἔγωγνῆκω

125 4203 152 4270 r)
171 4203 211 4257 οι.
223 4203 298 4288 νων.
317 4204 350 4257 ue
369 4205 455 4268 court.
474 4205 513 4258 tra
533 4222 555 4260 o.
574 4167 647 4260 mu.

82 4357 86 4363 Ι
124 4292 151 4358 2)
171 4289 210 4343 Cl.
228 4289 305 4362 Diog.
326 4289 354 4343 L.
372 4290 396 4343 II
415 4290 459 4348 73.
477 4291 518 4346 7-7.
555 4291 630 4348 Stob.
648 4295 705 4349 flor.
724 4297 767 4362 49,
776 4296 818 4348 22.
1017 4317 1018 4324 ’
