3140 5068
554 415 756 486 -3tss

64 591 157 674 quod·
172 601 204 655 et
226 592 276 657 hic
299 601 329 656 et
352 592 418 656 illic
440 592 555 677 aliquis
579 592 690 658 melior
711 593 779 658 lieri
795 593 899 660 studet
922 600 955 658 et
977 595 1060 660 hunc
1081 595 1238 680 adduam

62 690 103 753 ab
127 711 163 755 eo
187 691 377 776 postulatur,
411 701 446 755 ut
475 692 541 777 ipse
572 713 604 755 se
627 699 813 757 contemnat.
864 695 930 758 lam
960 695 1017 778 hac
1039 694 1135 777 igitur
1158 717 1239 778 com-

63 790 226 873 paratione
248 791 287 854 ad
311 791 499 876 Epicureum
530 794 647 857 iontem
676 814 730 857 nos
760 793 896 876 delegari
924 793 1066 860 arbitror.
1110 797 1240 862 Accedit

65 897 196 967 autem,
220 891 300 974 quod
324 892 406 976 apud
429 892 577 956 Senecam
602 892 744 958 Stoicum
773 902 843 959 sent
830 894 961 959 tentiam
987 892 1135 978 legimus,
1159 917 1238 981 quae

64 988 115 1052 his
137 989 279 1054 versibus
303 1011 429 1075 prorsus
452 1000 613 1076 repugnat.

148 1090 193 1154 Cf.
223 1090 329 1155 Senee.
365 1091 457 1177 epist.
488 1093 632 1157 morell
663 1095 692 1170 9,
715 1095 773 1158 22:
817 1091 894 1158 Nisi
922 1071 1065 1178 sapietati
1085 1112 1146 1156 sao
1175 1071 1239 1156 οοο

62 1191 196 1273 placent.
241 1189 353 1254 Omnia
373 1193 486 1255 stultit'
461 1197 507 1256 tro
529 1193 652 1257 laborat
670 1192 804 1274 fastidio
825 1193 886 1257 sui.

150 1289 210 1366 Qui
240 1288 325 1354 locus
355 1299 544 1378 quantopere
567 1315 585 1356 a
607 1293 787 1358 Trinummi
812 1293 952 1372 differat,
986 1290 1057 1377 quis
1080 1298 1128 1356 est
1129 1291 1238 1376 ,quin

67 1388 258 1472 intellegat?
302 1391 338 1454 ln
360 1391 539 1458 Trinummi
566 1393 631 1457 loco
661 1392 782 1458 homini
806 1392 885 1457 nihil
909 1412 1033 1470 eorum,
1063 1411 1141 1476 queo
1164 1390 1238 1454 lecit

67 1488 198 1553 etfacit
200 1489 342 1574 ‚placet
364 1491 500 1576 sapienti
515 1491 618 1558 Stoico
633 1493 747 1558 omnia.
790 1492 848 1556 His
864 1492 901 1559 de
921 1492 1022 1556 causis
1041 1491 1111 1556 illos
1129 1510 1237 1600 versus

62 1539 235 1674 Epicureae
257 1589 420 1655 doctrinae
436 1592 635 1657 ascribendos
653 1613 720 1656 esse
742 1611 863 1656 censeo.
1070 1639 1072 1644 -

148 1690 184 1752 ln
217 1691 389 1772 fragmento
358 1691 472 1756 t584
506 1691 584 1773 (Cic.
618 1693 708 1758 Tnso.
742 1691 822 1777 disp.
856 1691 904 1756 ΙΙΙ
936 1687 992 1771 49)
1032 1688 1165 1771 legimus
1199 1687 1237 1750 de
1317 1716 1321 1744 ι

64 1788 218 1873 Epicureo
246 1789 404 1874 sapiente:
439 1789 540 1877 Nepet
564 1791 756 1878 (Epicurus)
785 1791 928 1858 ullam
914 1811 950 1854 το
978 1790 1148 1874 sapientam
1175 1789 1238 1852 cim

61 1909 128 1953 esse
158 1888 310 1970 fortunae
339 1899 370 1954 et
397 1891 431 1956 iu
463 1894 636 1975 fragmento
656 1889 716 1958 603
747 1891 828 1974 (Cic.
851 1893 889 1957 de
911 1891 998 1960 tinib.
1023 1886 1149 1970 V93):
1175 1887 1238 1951 Isti

59 1990 140 2068 ipsi,
168 1991 224 2070 qui
246 1988 452 2075 voluptuteet
483 1991 590 2057 dolore
620 1995 726 2056 onznia
756 1994 944 2072 metiuntur,
973 2010 1078 2055 nonne
1099 1988 1238 2052 clamant

60 2090 204 2172 sapienti
222 2092 297 2175 plus
319 2110 442 2175 semper
463 2092 581 2172 adesse,
604 2093 687 2177 quod
708 2093 780 2156 velit
801 2113 895 2179 quom
918 2091 1003 2174 qood
1024 2089 1128 2155 nolit?

146 2190 284 2266 Quocum
319 2211 421 2256 noune
454 2212 552 2275 paene
588 2193 626 2257 ad
661 2194 793 2258 verbum
826 2193 1025 2258 consentiunt
1056 2190 1235 2256 Trinummi

59 2311 89 2352 v.
114 2289 172 2353 361
195 2292 265 2374 sq.?
304 2290 357 2354 ubi
381 2291 549 2374 Lystitelos
587 2293 790 2358 Lesbonicum
823 2293 962 2358 amicum
991 2291 1045 2377 qui
1070 2289 1235 2375 pecuniam

62 2410 153 2452 suam
177 2390 312 2454 comedit
334 2398 364 2454 et
386 2391 420 2457 in
444 2401 611 2473 egestatem
637 2393 791 2478 pervenit,
814 2413 961 2458 excusare
982 2392 1103 2457 studet:

118 2488 156 2541 Ne
175 2490 315 2558 approbra.
335 2495 423 2558 pater:
452 2492 534 2544 multa
554 2495 680 2547 eveniunt
699 2493 808 2560 homini,
829 2509 897 2562 quae
916 2493 980 2560 volt,
999 2507 1066 2562 quae
1085 2492 1182 2554 nevolt,

62 2583 154 2660 pater
175 2585 278 2640 cutem
303 2577 498 2662 obloquitur:

151 2675 262 2727 Mentire
282 2676 384 2745 edepol,
402 2682 491 2745 gnate,
517 2681 596 2746 atque
614 2679 639 2731 id
660 2697 731 2734 nrrnc
750 2680 816 2735 iacis
836 2681 906 2734 haud
927 2679 1129 2734 consuetudine.

150 2760 217 2812 Nam
237 2763 344 2830 sapiens
363 2765 469 2832 quidem
489 2765 533 2834 pol
552 2766 627 2834 ipsus
646 2767 723 2835 fingit
742 2767 874 2821 loctunam
895 2768 963 2820 sibi:

149 2847 187 2900 Eo
205 2865 259 2902 non
278 2849 369 2916 multa,
388 2867 455 2919 quae
473 2851 570 2918 nevolt,
597 2855 732 2920 eveniunt,
750 2854 801 2906 nisi
816 2853 893 2907 fictor
907 2852 1013 2906 malust.
1053 2858 1055 2866 ’

63 2936 152 2999 Idem
175 2935 237 2998 iam
259 2936 424 3002 Philemon
445 2941 562 3023 profert
584 2941 665 3022 lrgm
701 2941 759 3005 150
784 2939 885 3022 (Koch
908 2940 939 3004 ΙΙ
962 2962 1029 3025 pag.
1052 2936 1143 3020 523):

271 3028 321 3087 ὅσα
339 3030 386 3088 διὰ
406 3033 470 3097 τοὺς
487 3031 664 3111 πράττοντας
682 3035 785 3099 αὐτοὺς
803 3041 931 3109 γίνεται,
971 3101 974 3106 ¹

271 3119 363 3174 eridani
380 3116 532 3193 πρόσεστιν
550 3122 613 3177 οὐδὲ
632 3132 766 3178 κοινωνεῖ
783 3119 857 3198 τείχη.

59 3209 141 3272 Νοιιι
174 3209 227 3289 „in
246 3209 303 3288 iis,
338 3231 416 3293 quae
438 3210 580 3276 homines
602 3213 668 3277 suis
691 3214 830 3278 consiliis
852 3213 1036 3297 viribusque
1062 3209 1233 3296 perficiant,

59 3311 203 3373 fortunae
227 3318 328 3394 partes
351 3331 417 3374 esse
439 3318 532 3396 neget
554 3313 711 3397 poeta,“¹)
739 3312 823 3378 etol
845 3313 1047 3393 πράττοντες
1065 3309 1165 3374 ariaci
1184 3311 1233 3374 illi

60 3409 123 3494 ipsi
147 3415 221 3472 sunt
242 3408 388 3493 Epicurei
410 3411 533 3496 sapient
534 3433 575 3510 es.

136 3508 205 3571 Huc
216 3529 271 3594 per
272 3508 353 3573 tinet
365 3510 480 3574 etiam
471 3505 570 3575 rucert
573 3511 580 3575 i
597 3521 703 3597 poetae
719 3515 810 3596 f.rgm
823 3514 882 3578 118
893 3510 992 3593 (Koch
1003 3513 1049 3576 ΙΙΙ
1061 3533 1128 3596 pag.
1139 3507 1234 3590 430).

200 3610 223 3658 A
246 3599 345 3708 ιη’χην
363 3602 541 3680 οἷμύνοσθαι,·
560 3613 621 3664 τίνα
642 3605 764 3712 τρρτιοις
817 3612 842 3663 Β
878 3603 1044 3679 φιλοσόφως.

203 3696 226 3744 Δ
264 3688 313 3747 τὸν
330 3695 384 3746 Δία
402 3691 432 3747 cia
450 3695 510 3755 τοῖς
527 3691 631 3764 :imm
657 3693 708 3751 cdv
725 3691 828 3769 βορέαν
846 3696 876 3750 dii
894 3696 968 3764 ποῖς,·

206 3779 232 3831 Β
264 3782 399 3852 ζητοῦμεν
417 3777 539 3854 ἱμάτιον,
559 3785 716 3853 βαλανεῖον,
734 3786 797 3856 πῦρ,
816 3776 927 3855 στέγην·

262 3868 311 3936 οὐχ
329 3861 447 3940 dripere:
467 3865 613 3943 καθήμεθ’
632 3867 698 3926 etot
717 3869 848 3942 κλιὲομεν.

62 3955 217 4040 Epicurus
233 3955 319 4019 enim
333 3957 489 4022 fortunam
506 3959 701 4045 philosophia
718 3959 804 4044 quasi
822 3960 990 4040 coercebat,
1005 3959 1059 4042 qui
1073 3960 1163 4042 lrgm.
1175 3961 1236 4024 584

61 4056 159 4120 etiarn
191 4077 228 4120 ea
258 4056 414 4123 locutione
445 4059 562 4140 utitur,
600 4061 650 4124 cui
683 4060 763 4123 illud
793 4056 894 4140 τύχην
931 4057 1125 4137 ἀμύνεσθαι
1157 4059 1234 4122 bene

69 4181 263 4189 ——n—

134 4238 161 4304 l)
180 4237 255 4290 Koch
274 4238 291 4291 l.
310 4255 333 4292 c.

1036 4331 1073 4383 3*
