3140 5068
190 1193 289 1305 Anni
307 1241 559 1306 irncccxcvu
581 1241 672 1304 unu
688 1263 705 1302 a
722 1240 821 1304 utrm
840 1249 870 1304 a
888 1241 1029 1317 uaaissu,
1051 1241 1144 1304 uuus
1161 1241 1261 1326 phuo-

87 1345 228 1423 logorum
262 1340 423 1404 seminarii
456 1341 643 1414 rectoribuS,
679 1341 819 1423 quaestio
848 1363 918 1404 cum
946 1342 1083 1425 praemio
1106 1343 1262 1426 proposita

85 1452 169 1507 erat:
195 1442 247 1506 En
270 1442 435 1506 comoediis
456 1441 616 1505 Plautinis
636 1441 697 1504 loci
713 1439 925 1524 philosophici
948 1440 1138 1519 collipnntur
1166 1463 1261 1526 quom

80 1543 229 1627 plurimi,
250 1563 319 1606 cun
341 1541 599 1626 philosophorum
619 1541 813 1605 Graecorum
829 1541 991 1604 sententiis
1012 1547 1158 1604 accurate
1179 1561 1262 1604 corn-

80 1649 260 1728 parentur,
295 1646 346 1718 nt,
370 1662 430 1725 quo
452 1661 490 1704 ecc
509 1641 596 1718 fonte
617 1640 723 1704 lousti
744 1641 819 1720 sint,
841 1641 888 1702 uel
910 1659 947 1703 ac
968 1661 1109 1725 quonoru
1126 1639 1262 1723 profecti

85 1742 274 1826 disciplina,
306 1747 470 1826 opponent.
514 1740 683 1825 imprimis
714 1761 785 1803 uero
810 1739 1021 1804 Trinummus
1051 1747 1144 1822 atquc
1166 1740 1260 1805 Miles

87 1843 258 1906 Gloriosus
295 1841 518 1925 respiciantur.
588 1841 665 1904 Cum
697 1841 760 1904 iam
791 1841 909 1904 dudum
939 1840 1136 1926 philosophia
1166 1841 1258 1904 Grae·

86 1964 193 2006 corum
218 1940 307 2004 valde
340 1940 418 2003 mihi
444 1940 613 2024 placuisset
636 1961 736 2023 neque
767 1939 980 2024 displicuisset
1004 1941 1150 2022 Plautus,
1185 1941 1259 2004 haec

87 2040 229 2125 quaestio
249 2041 325 2104 adeo
350 2039 430 2110 mihi
451 2040 628 2118 arridebat,
661 2054 694 2102 ut
725 2040 918 2103 tractandam
943 2062 1010 2103 eam
1033 2040 1113 2104 mihi
1136 2061 1259 2104 sumere

87 2141 320 2207 constituerem.
379 2141 573 2224 Quamquam
607 2161 717 2222 magno
751 2161 822 2203 cum
853 2140 956 2203 studio
987 2174 1026 2184 -
1060 2140 1138 2204 bona
1168 2139 1259 2202 venia

86 2241 221 2305 dixerim
243 2273 286 2283 -
308 2239 424 2302 maiore
454 2247 558 2302 autem
582 2260 652 2302 cum
677 2240 788 2322 gaudio
815 2239 863 2302 his
887 2239 1113 2323 philosophicis
1144 2239 1258 2303 studiis

84 2333 336 2418 madedebam,
366 2337 574 2401 nihilominus
605 2361 674 2402 cum
707 2339 774 2402 dies
799 2339 982 2423 praestituta
1007 2339 1145 2418 adesset,
1176 2339 1257 2402 sicut

86 2439 155 2502 ueri
178 2437 272 2515 solet,
305 2437 358 2500 vix
389 2437 471 2502 ultra
502 2437 656 2522 principia
682 2459 899 2524 processeram.
943 2437 1002 2501 Sed
1034 2447 1096 2501 tam
1128 2438 1258 2502 comiter

84 2539 122 2602 de
144 2538 314 2617 fructibuS,
347 2558 422 2620 quos
444 2558 635 2621 carpseram,
667 2560 790 2622 semper
823 2559 943 2600 mecum
974 2537 1257 2602 communicaverat

85 2638 214 2717 Birtius,
237 2646 416 2721 praeceptor
439 2637 629 2714 carissimus
653 2646 685 2701 et
701 2639 782 2702 haud
807 2659 912 2722 pauca,
936 2658 1014 2721 quae
1035 2659 1085 2700 me
1103 2639 1255 2719 fugerant,

83 2738 293 2815 indicaverat,
327 2737 491 2821 uteadem
517 2737 568 2800 via
600 2739 762 2821 procedere
790 2737 997 2801 deliberatum
1026 2737 1105 2801 mihi
1127 2759 1163 2801 ac
1185 2759 1255 2802 con-

82 2839 229 2902 stitutum
264 2845 354 2900 esset.
409 2837 534 2900 Praeter
567 2838 729 2901 Plautinas
763 2845 869 2901 autem
904 2836 1023 2900 tabulas
1057 2859 1128 2901 cum
1158 2838 1252 2902 etiam

83 2937 354 3018 Terentianasct
385 2935 572 3000 Graecorum
603 2946 762 3022 poetarum
802 2937 990 3001 comicorum
1027 2937 1176 3020 reliquias
1208 2959 1255 3000 as·

82 3037 250 3100 sumendas
268 3044 418 3120 putarem,
442 3037 582 3111 materia,
608 3059 687 3120 quae
705 3038 765 3100 iam
787 3057 841 3122 per
857 3057 889 3099 se
903 3036 979 3099 satis
996 3036 1119 3120 copiosa
1138 3046 1203 3099 erat
1226 3045 1255 3099 et

82 3136 169 3214 uber,
192 3136 268 3199 adeo
288 3137 469 3218 augebatur,
493 3145 527 3200 ut
549 3137 689 3200 omnium
714 3136 967 3222 philosophorum
989 3147 1153 3214 sectarum,
1177 3157 1255 3218 qnae

83 3237 143 3299 huc
166 3235 340 3319 pertinent,
364 3237 535 3300 sententias
555 3247 689 3300 tractare
713 3236 799 3301 nulio
823 3237 912 3300 modo
934 3256 1071 3319 possem,
1103 3235 1155 3298 sed
1180 3256 1254 3299 non-

87 3334 186 3398 nullis
208 3357 258 3398 me
280 3357 347 3399 esse
370 3344 550 3400 contentum
574 3343 738 3420 oporteret.
784 3338 848 3412 Quo
873 3338 989 3398 factum
1012 3342 1075 3414 est,
1100 3342 1134 3396 ut
1155 3333 1256 3418 prima

86 3443 118 3498 et
153 3435 251 3497 altera
284 3444 371 3520 parte
410 3436 504 3499 huius
546 3435 646 3498 libelli
686 3435 724 3499 do
756 3435 882 3520 Epicuri
914 3444 945 3498 et
978 3434 1256 3518 Peripateticorum

84 3533 271 3618 placitorum
294 3535 454 3618 vestigiis,
491 3557 569 3619 quae
599 3536 680 3620 apud
708 3535 1086 3613 comicos'inveniuntur,
1117 3534 1256 3618 disputa-

82 3635 194 3714 verim,
214 3634 307 3700 tertia
316 3635 434 3716 ,deinde
455 3635 712 3720 Periplecomeui,
734 3636 817 3699 senis
832 3636 929 3714 illius,
954 3635 1008 3718 qui
1025 3642 1071 3698 est
1088 3634 1119 3696 in
1134 3634 1255 3715 „Milite
1282 3650 1287 3654 ·

81 3732 252 3813 Glorioso“,
275 3755 442 3816 sermones,
473 3735 527 3819 qui
550 3734 704 3820 sapientia
729 3735 943 3820 philosophica
964 3735 1156 3812 redundant,
1180 3754 1254 3816 quo·

80 3856 155 3898 nam
179 3853 217 3897 ex
241 3837 325 3898 ionte
348 3835 495 3899 fluxerint
518 3843 612 3918 atque
634 3835 671 3897 de
696 3856 769 3899 sene
792 3836 859 3920 ipso
883 3834 959 3918 quid
982 3835 1024 3897 sit
1041 3833 1253 3910 iudicandum,

80 3933 247 4017 anquirere
270 3943 398 3999 conatus
420 3934 490 3999 sim.

166 4035 265 4110 Quam
289 4034 328 4098 ad
351 4055 416 4098 rem
441 4035 625 4119 priusquam
645 4033 799 4112 accedam,
823 4053 900 4117 opus
921 4031 1046 4096 videtur
1064 4033 1102 4096 de
1124 4031 1253 4112 ratione,

84 4153 164 4215 quae
187 4132 269 4197 inter
294 4140 398 4218 poetas
420 4133 553 4198 comicos
570 4135 724 4197 Romanos
747 4141 778 4196 et
797 4132 994 4217 philosophos
1013 4132 1143 4196 Graecos
1159 4131 1254 4194 inter-

81 4231 173 4310 cedit,
194 4254 290 4316 pauca
310 4234 402 4296 verba
419 4236 527 4297 facere.
572 4234 679 4317 Neque
695 4233 779 4296 enim
795 4232 942 4329 Plautum
955 4230 1250 4315 neque‘Terentium
