3140 5068
600 493 808 557 „59-

111 668 234 754 quibus
250 669 434 752 indulgebat
446 670 635 756 Cyrenaicus
653 672 866 758 philosophus,
888 673 928 737 ab
943 693 978 736 ec
997 673 1130 738 minime
1145 673 1292 739 dissentit

112 769 404 855 Peripleccmenus.

202 871 333 953 Magnus
362 880 429 935 eret
457 872 556 937 Arist
534 880 640 958 lippus
670 873 703 936 in
733 875 826 937 rebus
854 873 991 937 veneriis
1020 882 1051 937 et
1082 873 1164 939 bend
1194 897 1292 961 pauca

111 978 243 1034 exstant
262 972 462 1055 antiquorum
486 973 672 1059 scriptorum
695 971 893 1051 testimonia,
921 974 1075 1057 equibus
1097 995 1168 1040 cum
1191 997 1291 1072 mere·

112 1070 253 1135 tricibus
276 1081 402 1136 consuet
390 1073 532 1139 tudinem
555 1095 627 1138 eum
649 1074 763 1138 habere
785 1074 858 1138 solit
845 1082 912 1138 turn
936 1095 1002 1138 esse
1027 1074 1188 1140 discimus

105 1169 107 1176 ’
203 1171 248 1236 cf.
267 1171 355 1255 Diog.
375 1173 408 1237 Ι
424 1174 455 1238 II
473 1176 531 1238 69:
564 1171 675 1237 εἰσιώι
697 1196 778 1235 ποτε
800 1173 845 1247 είς
866 1171 997 1254 ἑταίρας
1018 1173 1124 1237 οἰκίαι
1145 1176 1199 1238 καὶ
1219 1179 1287 1240 τιόι

109 1269 180 1333 ndu
201 1269 291 1351 αὐτῷ
310 1278 485 1352 μειρακίων
504 1296 589 1346 τινος
610 1274 879 1354 ἐρυθριάσαντος·
896 1273 938 1362 Ιοιί
955 1272 993 1337 cd
1016 1273 1197 1362 εἰσελθοῦς’
1215 1277 1290 1359 ἔφη,

107 1368 273 1450 χαλεπόν,
296 1370 382 1434 dita
405 1373 443 1435 cd
464 1373 703 1456 μὴδύνασθαι
727 1373 926 1455 ἐξελθεῖνῑ)
979 1415 982 1422 ·
1026 1421 1028 1428 ι

185 1471 278 1534 'Nota
307 1471 419 1537 deinde
449 1481 496 1538 est
514 1474 591 1539 eius
624 1495 694 1538 curn
727 1474 838 1555 Laide,
881 1471 1043 1540 meretrice
1079 1473 1135 1538 illa
1172 1477 1291 1540 famosa

109 1569 296 1652 Corinthia,
320 1593 432 1636 consue
435 1573 525 1654 tudo,
556 1574 644 1638 cuius
677 1574 738 1639 iam
763 1576 987 1657 Hermesianax
1017 1582 1107 1661 poeta
1136 1576 1290 1658 elegiacus

106 1671 306 1736 mentionem
331 1673 405 1737 lacit
423 1669 575 1759 apudt
531 1674 732 1739 Athenaeum
754 1675 844 1767 XIII
857 1677 933 1739 599·

254 1766 341 1841 ἄνδρα
361 1767 574 1872 ququaicud'
594 1773 657 1826 οἴσω
675 1773 800 1833 πόθος
783 1791 905 1827 εσιιασον
921 1767 1036 1844 Ἰσθμοῦ

251 1850 379 1916 δεινὸς”
364 1851 405 1910 οτ’
424 1853 569 1929 dardaniis
586 1855 728 1919 Acidcc'
710 1859 841 1931 ηριὲοατο.

254 1938 344 2003 ὅξῦς
336 1945 513 2017 Αρίστιπιιος,
532 1947 621 2006 πασας
638 1941 670 1999 d
689 1949 809 2017 ἠνήνατο
828 1946 925 2019 λέσχας

255 2027 376 2101 φεύγων,
396 2025 479 2085 οὔδ’
496 2027 608 2104 α’νέμων
626 2030 775 2104 ἐξεφόβησε
793 2036 849 2104 βίη.

105 2120 214 2196 Quam
236 2117 274 2182 ob
296 2139 362 2182 rem
379 2140 450 2184 curn
471 2143 489 2184 a
512 2119 672 2185 nonnullis
693 2121 887 2206 vituperatus
902 2129 994 2202 esset,
1015 2119 1170 2204 flagitium
1192 2141 1285 2212 suum

107 2217 314 2284 excusatione
337 2218 617 2300 illa,.delendebet‚
652 2229 686 2284 ιιι
716 2221 834 2285 diceret
858 2220 995 2285 multum
1026 2221 1176 2284 interesse
1206 2220 1289 2285 inter

107 2340 146 2384 se
172 2325 203 2381 et
224 2325 341 2382 ceteros
362 2319 469 2483 Laidis
490 2328 575 2384 amat
577 2342 654 2402 eree,
675 2321 800 2484 quod
791 2342 858 2406 ipse
880 2321 1009 2385 haberet
1031 2320 1168 2398 Laidem,
1192 2319 1288 2384 ceteri

105 2526 207 2601 atque
220 2517 373 2602 cupiditat
328 2518 445 2582 ttibus
458 2520 659 2601 morigeraret
662 2541 707 2598 ur,
675 2429 829 2584 ttamen
842 2470 1011 2604 numquam
1025 2520 1065 2583 iis
1075 2518 1286 2584 succubuisse.

200 2608 245 2680 CI.
269 2617 420 2683 Clement.
445 2618 536 2684 Alex.
558 2619 671 2684 Strom.
697 2620 727 2684 Il
752 2642 819 2705 pag.
843 2622 949 2684 Illa:
974 2617 1207 2696 ὀνειδιζόμενος
1229 2607 1288 2682 οὖν

107 2715 172 2778 ἐπὶ
193 2718 239 2796 aqi
262 2720 404 2800 συνεχῶς
429 2716 556 2795 ὁμιλεῖν
578 2721 617 2800 τῇ
637 2715 752 2801 ἑταίρᾳ
773 2723 813 2802 τῇ
837 2723 1003 2801 Κορινθίῃ·
1028 2720 1089 2798 ἔχω
1109 2717 1180 2798 γάρ,
1212 2719 1285 2799 ἔφη,

105 2815 228 2879 Λαίδα
255 2816 309 2876 καὶ
336 2815 393 2876 οὐκ
423 2817 538 2895 ἔχομαι
562 2816 620 2880 ὑπ’
646 2818 762 2902 αὐτῆς,
794 2841 873 2903 quac
903 2820 1010 2884 eadem
1035 2819 1181 2901 leguntur
1202 2819 1285 2904 apud

105 2914 229 2981 Athen.
254 2915 316 2980 XII
338 2917 407 2994 544,
441 2916 530 2998 Dicg.
543 2918 576 2982 L.
588 2918 619 2981 Il
635 2919 685 3000 75,
720 2919 903 2984 Theodorei.
927 2920 1033 2983 Graec.
1057 2919 1107 2982 aff.
1131 2941 1191 2983 car.
1214 2918 1286 2998 XII,

106 3015 179 3080 Cic.
201 3035 248 3099 ep.
271 3015 311 3080 ad
333 3015 396 3079 div.
419 3015 464 3080 IX
486 3018 535 3080 26.

196 3115 322 3179 Eccc't
297 3123 411 3179 lterum
435 3137 506 3180 cum
519 3115 618 3180 ΑιΙει
595 3123 682 3229 trppo
702 3117 866 3182 concordet
853 3116 1093 3181 tt'senexPlau
1070 3124 1165 3181 tr.nns
1205 3117 1284 3182 Nam

106 3213 222 3292 ecdem
253 3214 342 3280 modo
376 3215 660 3280 meretricibust
624 3215 670 3280 ιιΙΙ
673 3224 742 3295 Ιιιι,
787 3238 864 3301 quas
901 3217 1015 3281 inritat
1054 3217 1092 3281 ad
1131 3217 1283 3297 convivia,

99 3313 337 3400 quibuscum
328 3322 408 3380 locat
412 3336 456 3379 ur.

121 3449 124 3454 ·
196 3415 528 3480 cccccccccc:

217 3513 308 3582 Neque
327 3531 375 3581 ego
395 3531 519 3583 nmquam
538 3516 653 3568 alienum
674 3521 789 3571 scortum
810 3517 926 3582 subigito
945 3516 973 3568 in
992 3515 1128 3568 conviviis.
1153 3513 1227 3581 (652)

217 3600 356 3667 Venerem,
374 3618 488 3655 amorem
508 3604 748 3671 amoenitatemque
768 3602 902 3656 accubans
923 3617 1042 3655 exerceo.
1070 3599 1145 3667 (656)

107 3687 225 3754 Amori
246 3708 302 3772 per
330 3689 427 3772 totam
461 3688 559 3754 vitam
581 3711 705 3776 semper
727 3710 759 3753 se
787 3688 908 3753 dedidit
930 3688 1059 3771 eiusque
1081 3693 1224 3751 naturam
1247 3707 1284 3750 cx

106 3787 200 3855 omni
232 3793 319 3872 parte
350 3785 395 3851 ita
427 3789 590 3871 cognovit,
630 3799 665 3853 ut
692 3791 789 3854 etiam
817 3789 982 3854 Pleusiclis
1021 3808 1112 3870 aegre
1149 3787 1284 3850 amantis

108 3887 257 3953 habitum
272 3887 380 3966 ¹animi
405 3888 511 3952 statim
535 3888 709 3972 intellegat.

176 3986 221 4051 cf.
243 4009 273 4051 v.
294 3988 370 4052 639:

218 4086 284 4139 Nam
303 4087 356 4140 nisi
376 4089 421 4156 qui
440 4088 498 4157 ipse
518 4087 624 4152 amerit,
643 4104 720 4155 aegre
740 4087 853 4138 amantis
872 4086 1008 4152 ingenium
1027 4085 1144 4153 inspicit.

217 4172 251 4225 nt
271 4189 319 4240 ego
338 4175 435 4227 amoris
457 4173 621 4242 aliquantum
642 4174 725 4227 babeo
748 4174 900 4241 umorisque
919 4173 998 4224 etiam
1016 4172 1045 4223 in
1064 4187 1173 4240 corpore

219 4259 375 4329 Nequedum
395 4261 486 4314 exarui
505 4276 538 4313 ex
556 4261 674 4313 amoenis
693 4260 772 4312 rebus
792 4263 818 4311 et
836 4258 1002 4327 voluptariis.

185 4385 579 4456 nmmqnumm
