3140 5068
826 431 1032 512 ..42-

344 624 533 709 δκροδρύοις
551 622 745 706 ἀρκούμενοι
768 629 942 707 φαίνονται
963 625 1006 689 τιν’
1023 649 1059 689 τε
1078 625 1318 710 συγγράμματα
1341 617 1499 707 ἐμπεπλή·

345 746 423 791 κασι
434 725 473 789 τδ
486 723 644 806 δλιγοδεές
656 728 712 808 τῆς
724 724 854 810 φύσεως
866 725 1088 809 ἀφηγούμενοι
1099 727 1153 790 καὶ
1162 727 1201 791 τδ
1217 727 1252 790 ἐκ
1269 727 1339 788 τῶν
1353 725 1450 790 λιτῶν
1459 721 1500 784 καὶ

346 826 554 908 εὐπορίστων
572 822 688 899 ἱκανῶς
706 824 807 909 αὐτῆς
826 826 864 888 τδ
885 825 1064 908 α’ναγκαῐον
1082 825 1221 909 ἰώμενοι·
1231 825 1500 906 παριστάντες...

429 945 506 1010 Eece
529 943 641 1008 incerti
663 954 771 1028 poetae
793 945 883 1028 frgm.
909 947 965 1010 127
987 945 1087 1026 (Koolr
1107 947 1152 1010 ΙΙΙ
1175 965 1244 1030 peg.
1264 941 1343 1024 432)
1367 943 1449 1007 inter
1462 961 1501 1004 eos

345 1067 404 1125 res,
427 1045 540 1130 quibus
562 1043 666 1109 neseio
688 1043 758 1128 quis
780 1053 872 1125 earet,
896 1044 990 1110 etiem
1011 1045 1138 1131 Epicuri
1161 1045 1285 1130 polenta
1298 1051 1501 1108 enumeratur:

534 1139 641 1211 δπολις,
659 1139 764 1206 ἄοικος,
783 1142 915 1214 πατρίδος
933 1139 1127 1215 ἐστερημένος,

539 1225 590 1282 erin
607 1223 711 1297 ὀβολόν,
731 1223 765 1282 ου’
782 1223 909 1302 δραχμὴν
927 1228 1005 1302 ἔχων,
1024 1225 1075 1284 οὔκ
1094 1229 1213 1301 οἰκέτην,

538 1310 596 1368 ἀλλ’
616 1309 681 1368 οὐδὲ
700 1313 798 1387 μᾶζαν,
819 1301 850 1387 ἧς
870 1311 1031 1390 Ἐπίκουρος
1050 1313 1184 1391 εὗνιορῶν.

349 1406 397 1470 Ad
417 1404 545 1490 Epicuri
568 1404 605 1467 de
624 1403 747 1468 divitiis
769 1404 956 1468 sententiam
979 1405 1116 1490 pertinet
1139 1405 1234 1470 etiam
1256 1406 1324 1470 eius
1346 1408 1438 1489 frgm.
1453 1406 1500 1468 lll

347 1501 553 1589 (Porphyrius
580 1504 618 1567 ad
651 1503 829 1568 Marcellam
853 1505 891 1568 27
922 1523 990 1589 pag.
1014 1505 1117 1585 208,2
1137 1503 1276 1586 Neuolr):
1310 1503 1457 1568 σπάνιόν
1476 1526 1501 1583 μ

346 1602 453 1684 εὑρεῖν
484 1597 668 1682 δι’νίλρωπον
698 1601 869 1684 (πένητα)
901 1603 983 1682 πρδς
1014 1605 1053 1667 τδ
1086 1607 1142 1687 τῆς
1174 1602 1304 1686 φύσεως
1335 1603 1427 1678 τέλος
1459 1602 1501 1665 καλ

344 1702 504 1767 πλούσιον
523 1701 605 1783 πρὸς
626 1701 685 1774 τδς
713 1701 809 1774 κενοὶς
839 1701 949 1778 δόξας·
978 1703 1085 1777 οὐδεὶς
1113 1703 1175 1784 γδρ
1201 1706 1266 1766 τῶν
1289 1703 1446 1787 α’φρόνων
1465 1693 1502 1774 οἷς

347 1805 413 1884 ἔχει
434 1802 596 1884 δρκεῖται,
627 1801 753 1883 μᾶλλον
782 1802 821 1864 δέ
847 1793 895 1876 οἷς
920 1801 977 1866 οὐκ
1006 1803 1070 1882 ἔχει
1097 1802 1267 1868 odorem.
1311 1800 1425 1884 ὥσπερ
1454 1792 1502 1865 οὖν

346 1902 378 1967 ολ
402 1912 616 1984 πυρέττοντες
637 1902 694 1966 διδ
715 1903 915 1986 κακοήθειαν
937 1907 992 1987 τῆς
1015 1901 1115 1967 νόσου
1143 1903 1196 1966 αἐὶ
1218 1903 1345 1992 διψῶσι
1371 1905 1501 1967 καὶτῶν

346 2001 594 2067 ἐναντιωτάτων
625 2003 867 2083 ἐπιθυμοῦσιν,
907 1999 991 2067 οὕτω
1022 2003 1076 2066 καὶ
1117 2001 1149 2066 οἱ
1184 2004 1243 2088 τήν
1274 2003 1385 2093 ψυχήν
1410 2006 1501 2074 κακῶς

347 2105 474 2185 ἔχοντες
494 2103 699 2184 διακειμένην
722 2111 878 2166 πένονται
898 2103 1038 2166 πάντων
1068 2103 1121 2166 αἐὶ
1143 2104 1196 2167 καὶ
1219 2103 1262 2178 εἰς
1285 2103 1500 2185 πολυτρόπους

346 2205 529 2285 ἐπιθυμίας
549 2201 617 2266 end
639 2202 830 2283 λαιμαργίας
850 2203 1084 2280 ἐμπίπτουσιν.

429 2305 517 2369 Idem
538 2303 730 2382 antitheton,
764 2303 844 2388 quod
867 2303 923 2368 hoe
954 2303 986 2367 in
1011 2307 1182 2386 fragmento
1203 2303 1336 2386 legitur:
1368 2294 1413 2377 οἷς
1436 2305 1499 2382 ἔχει,

347 2395 395 2478 οἷς
424 2402 483 2468 οὐκ
515 2405 595 2484 ἔχει,
622 2403 756 2468 occurrit
785 2404 874 2468 nobis
903 2403 985 2488 opud
1010 2403 1157 2467 Plautum
1178 2403 1358 2469 Trinummi
1389 2427 1416 2468 v.
1439 2404 1498 2478 351,

345 2505 400 2570 ubi
421 2503 570 2584 Philtoni,
605 2504 657 2589 qui
680 2502 828 2588 lrysitelis
851 2503 909 2567 filii
931 2502 1068 2567 amioum
1090 2498 1238 2568 adiuvere
1260 2514 1381 2570 recusat
1398 2513 1428 2568 et
1450 2504 1500 2566 heo

347 2605 544 2670 excusatione
567 2604 684 2668 utitur:

449 2704 488 2757 De
508 2705 609 2772 magnis
629 2703 728 2755 divitiis
748 2701 836 2771 siquid
855 2702 954 2766 demas,
974 2701 1034 2770 plus
1053 2701 1083 2754 fir
1102 2717 1136 2754 en
1155 2702 1263 2755 minus?

348 2791 432 2855 lilius
452 2791 633 2877 respondet:

453 2890 541 2943 llinus
560 2894 648 2959 peter:
668 2889 714 2942 sed
734 2889 784 2942 civi
803 2889 906 2941 inmuni
926 2889 983 2942 scin
1003 2888 1066 2958 quid
1086 2891 1187 2943 cantori
1206 2889 1294 2942 solet?

453 2977 543 3042 „Quod
564 2977 644 3030 hebes
664 2993 697 3028 ne
716 2976 814 3029 habeas
833 2980 859 3028 et
878 2975 942 3028 illue
962 2977 1032 3044 quod
1051 2993 1105 3029 non
1125 2977 1214 3040 habes,
1234 2977 1341 3036 habeas,
1361 2977 1465 3034 malum,

451 3061 669 3132 Quandoquidem
690 3077 738 3115 neo
757 3063 805 3114 tibi
826 3063 892 3114 bene
912 3077 972 3114 esse
991 3067 1052 3130 pote
1071 3064 1127 3131 pati
1145 3079 1231 3131 neque
1249 3063 1352 3116 alteri“.
1365 3063 1384 3130 ¹)

350 3149 468 3214 Deinde
492 3149 530 3214 ed
542 3149 712 3234 Epicurum
729 3149 878 3213 recedunt
897 3151 1026 3214 sortasse
1043 3150 1136 3213 etiem
1151 3149 1330 3214 Trinummi
1345 3173 1375 3214 v.
1387 3151 1444 3215 339
1455 3169 1501 3231 sq:

454 3250 491 3302 De
510 3249 629 3302 mendino
650 3249 717 3301 mole
735 3254 850 3302 meretur
869 3250 913 3318 qui
934 3249 957 3300 ei
979 3249 1025 3300 det
1043 3250 1113 3317 quod
1134 3249 1188 3301 edit
1207 3254 1253 3301 out
1272 3250 1363 3302 bibat:

452 3337 518 3388 Nam
537 3349 563 3388 et
581 3335 647 3387 illud
667 3335 737 3404 quod
756 3336 801 3388 det
822 3337 908 3403 perdit
928 3343 953 3388 et
974 3335 1014 3388 illi
1034 3337 1122 3405 prodit
1140 3337 1219 3388 vitem
1240 3337 1273 3388 ed
1292 3338 1431 3390 miseriam.
1445 3333 1464 3401 ⁸)

350 3423 475 3488 Constet
492 3423 575 3487 enim
589 3421 759 3507 Epicurum
773 3422 888 3486 librum
906 3423 1066 3507 scripsisse
1086 3422 1163 3502 περὶ
1176 3421 1291 3503 δώρων
1307 3424 1362 3487 καὶ
1376 3420 1501 3505 χάριτος.

434 3523 478 3587 Cf.
493 3522 581 3606 Diog.
593 3523 626 3586 L.
638 3522 667 3585 X
680 3522 720 3585 28
742 3533 773 3586 et
798 3525 887 3606 frgm.
901 3525 940 3586 22
963 3523 1091 3604 (Sextus
1102 3524 1191 3608 Emp.
1210 3523 1279 3588 adv.
1302 3525 1421 3588 moth.l
1436 3517 1499 3599 lm:

348 3623 384 3685 ἐν
405 3625 481 3703 γοῦν
503 3624 550 3701 τρῑ
569 3621 651 3702 Περὶ
674 3619 788 3701 δώρων
809 3621 864 3683 καὶ
885 3619 1015 3702 χάριτος
1037 3621 1152 3697 ἱκαναῖς
1173 3625 1328 3704 πειρᾶται

350 3723 414 3799 Quo
448 3722 480 3786 in
514 3722 608 3797 libro,
641 3721 699 3785 etsi
733 3723 905 3804 fragmenta
938 3745 998 3787 non
1032 3732 1174 3804 exstent,
1206 3731 1311 3788 tamen
1344 3723 1405 3788 tale
1435 3717 1500 3804 quid

350 3823 387 3885 de
410 3822 550 3886 mendico
564 3821 790 3906 praescriptum
804 3822 900 3887 fuisse
919 3844 954 3888 eo
972 3823 1095 3888 facilius
1114 3823 1279 3904 oredimus
1303 3824 1384 3909 quod
1405 3840 1499 3886 versus

349 3921 488 3987 Plautini
509 3943 527 3986 e
546 3921 700 4001 Philtone,
723 3942 815 4005 quem
838 3922 901 3988 iem
917 3923 1040 4008 saepius
1062 3924 1220 3988 hominem
1243 3943 1315 3987 vere
1327 3923 1498 4009 Epicureum

350 4020 560 4104 eognovimus,
582 4019 833 4105 pronuntientur.

421 4183 446 4252 l)
465 4184 541 4239 Hune
560 4185 645 4238 loeum
667 4184 750 4237 Birtio
769 4184 859 4238 debeo.

417 4271 444 4340 2)
464 4271 540 4324 lluno
559 4285 663 4340 quoque
681 4269 767 4323 locum
786 4270 869 4326 Birtio
888 4273 980 4326 debeo.
