3140 5068
649 1397 782 1472 Vita

195 1657 283 1712 Natus
308 1677 367 1714 sum
394 1658 606 1712 Fridericus
630 1658 856 1714 Guilhelmus
874 1657 996 1712 Ranke
1020 1673 1093 1711 anno
1112 1657 1140 1712 h.
1158 1675 1178 1710 s.
1198 1656 1299 1711 LXXV
1407 1647 1409 1650 ¹

125 1759 170 1814 die
180 1759 273 1814 XXIV
286 1760 385 1816 mensis
399 1759 499 1830 Aprilis
513 1763 593 1830 patre
607 1763 839 1816 ioannematre
855 1760 989 1814 Gesehe
1003 1776 1018 1814 e
1032 1763 1116 1830 gente
1132 1759 1253 1814 Olters
1271 1761 1299 1814 in

127 1862 189 1916 vieo
206 1861 396 1932 [innormans
415 1863 459 1916 eui
477 1879 578 1917 nomen
594 1866 634 1917 est
652 1863 770 1918 Hoehen.
806 1861 883 1916 Fidei
895 1861 1021 1916 addictus
1038 1879 1097 1916 sum
1114 1861 1300 1932 evangelicae.

130 1964 301 2018 Litterarum
331 1965 475 2021 elementis
501 1965 623 2018 imbutus
649 1964 824 2034 gymnasium
852 1965 984 2020 Stadense
1011 1965 1200 2034 frequentavi,
1228 1965 1300 2021 unde

102 2075 104 2079 ’
127 2068 298 2124 maturitatis
324 2069 513 2124 testimonium
539 2069 655 2138 adeptus
681 2072 814 2123 autumno
832 2069 899 2123 anni
922 2069 992 2123 XCV
1007 2069 1177 2124 academiam
1191 2069 1300 2124 Gottin-

127 2189 241 2241 geusem
268 2173 340 2242 adii,
367 2176 398 2227 ut
423 2171 520 2227 studiis
539 2189 650 2242 operam
668 2172 763 2226 darem
788 2171 944 2242 philologis,
980 2173 1047 2226 Cum
1066 2170 1105 2225 ibi
1128 2189 1177 2241 per
1202 2175 1301 2241 quater

127 2292 175 2328 sex
193 2292 297 2331 menses
315 2276 420 2330 scholas
437 2274 617 2336 audivissem,
643 2276 678 2328 ad
697 2275 768 2330 hane
787 2277 888 2329 almam
907 2275 1046 2329 Musarum
1072 2275 1163 2328 sedem
1187 2275 1298 2329 commi-

128 2378 217 2447 gravi.
243 2379 400 2434 Docuerunt
415 2395 459 2433 me
479 2379 559 2440 Leo,
579 2377 1137 2440 deWilamovitatioellendorf,
1156 2377 1300 2446 Kaibel,

125 2482 313 2545 simultas,
341 2480 503 2550 vilerey,
528 2480 680 2546 Boetho,
708 2480 843 2548 Heyne.
872 2479 950 2533 Max
975 2480 1173 2549 Lehmann,
1201 2479 1300 2535 Birt,

126 2587 257 2654 Massa,
294 2585 415 2652 Niese‚
453 2585 590 2653 Coton,
627 2584 783 2654 Natorp,
820 2583 1093 2646 Kresasehmer,
1128 2582 1299 2645 iudeieh‚

125 2687 267 2744 Thiele.
304 2686 410 2753 Quibus
436 2687 661 2756 praeceptoribus
680 2685 785 2756 gratius
809 2702 862 2754 ago
887 2703 970 2754 quam
992 2686 1138 2755 maximas,
1163 2685 1298 2756 imprimis

127 2808 193 2846 vero
214 2792 306 2855 Birti0‚
325 2791 374 2860 qui
391 2794 503 2861 praeter
521 2798 623 2845 ceteros
642 2789 739 2844 studiis
757 2789 825 2842 meis
845 2789 924 2845 favit.
