3140 5068
556 472 756 538 ..81-

81 657 233 720 doctrinas
256 655 502 740 Theophrasteas
535 675 607 718 eum
639 654 847 738 proferentem
877 654 976 719 iacere
1002 653 1131 741 potuit?
1179 657 1244 722 Hac

80 755 112 818 de
142 777 173 819 re
203 763 318 841 postea.

155 853 362 939 Theophrasti
385 856 604 935 fragmentum,
628 851 667 915 de
689 872 749 936 quo
770 852 903 935 agimus,
926 853 958 917 in
980 875 1041 939 quo
1066 854 1099 919 id
1121 856 1244 939 quaerit

80 953 287 1039 philosophus,
305 974 380 1017 num
398 952 446 1016 vir
461 952 585 1036 sapiens
605 951 698 1015 ducat
713 973 850 1031 uxorem,
869 975 906 1018 ex
920 953 1034 1019 Graeco
1050 954 1083 1018 in
1096 955 1241 1020 Latinum

79 1053 261 1118 translatum
279 1075 298 1117 a
314 1051 431 1116 Seneca
444 1051 524 1116 libro
536 1051 591 1135 qui
607 1051 668 1114 luit
682 1051 719 1114 de
734 1051 935 1117 matrimonio
950 1053 1154 1136 inserebatur,
1169 1055 1243 1119 inde

79 1173 128 1235 per
143 1151 333 1215 Tertulliani
348 1151 409 1231 „ad
424 1151 561 1215 amicum
579 1149 798 1236 philosophum
817 1151 855 1215 de
868 1153 1048 1237 nuptiarum
1068 1155 1243 1237 angustiis“

79 1251 318 1335 disputationem
346 1250 385 1315 ad
410 1250 637 1334 Hieronymum
668 1251 828 1335 pervenit,
854 1252 937 1336 apud
961 1274 1054 1338 quem
1083 1263 1242 1319 servatum

78 1359 120 1414 est
147 1351 179 1416 in
208 1351 305 1432 libro,
334 1371 429 1435 quem
459 1350 584 1435 scripsit
608 1351 757 1415 adversus
784 1351 984 1416 lucinianum
1007 1354 1021 1416 l
1044 1374 1111 1438 pag.
1137 1355 1204 1419 191.
1219 1356 1243 1435 ¹)

78 1451 206 1516 Boclrius
230 1459 336 1515 autem
360 1450 479 1514 iudicat
500 1450 602 1528 „nihil
626 1449 735 1514 aliud“
758 1451 814 1516 hoc
837 1471 904 1515 esse
928 1456 1137 1534 fragmentum
1159 1454 1243 1533 „uisi

78 1549 192 1614 thesim
211 1549 397 1615 rhetoricam
419 1557 577 1634 sumptam
599 1570 637 1613 err
659 1567 694 1614 eo
714 1571 815 1634 opere,
838 1552 918 1635 quod
935 1552 1023 1635 Diog.
1042 1553 1141 1617 Laert.
1161 1574 1243 1618 com-

77 1660 224 1715 memorat
246 1651 273 1713 V
296 1649 337 1714 44
367 1654 478 1723 θέσεις
493 1649 604 1730 ·ao.‘⁴²)
660 1651 723 1715 lloc
745 1671 783 1714 ox
808 1650 1038 1735 Theophrasteo
1068 1653 1242 1735 fragmento

77 1751 233 1817 Plautinos
255 1771 362 1815 versus
384 1751 519 1835 pendere
541 1771 624 1814 nune
644 1750 921 1815 demonstrandum
948 1759 1003 1815 est.

155 1844 223 1917 lam
238 1872 332 1936 supra
348 1851 487 1915 vidimus
506 1850 644 1935 primum
661 1859 785 1935 propter
797 1850 953 1915 libertatis
965 1872 1101 1916 amorem
1115 1849 1243 1917 uxorem

79 1951 186 2016 ducere
207 1951 290 2016 nolle
313 1949 612 2034 Periplecomenum.

157 2052 202 2117 Ol.
225 2073 255 2116 v.
279 2050 358 2114 678:

212 2151 323 2206 Liberae
342 2159 405 2206 sunt
421 2152 503 2219 aedis,
522 2151 634 2203 liberum
653 2155 741 2203 autem
761 2167 810 2219 ego
835 2168 876 2205 me
895 2152 955 2204 volo
975 2153 1069 2205 vivere.

160 2238 299 2303 Eandem
321 2247 426 2304 autem
449 2258 583 2314 causam,
615 2236 744 2302 libertas
767 2237 918 2322 sapientis
940 2238 1021 2323 quod
1042 2238 1242 2304 matrimonio

78 2339 312 2419 comminuatur,
336 2337 432 2402 etiam
453 2336 687 2421 Theophrastus
709 2338 832 2423 saepius
853 2343 978 2423 prolert.

155 2439 200 2503 Cf.
225 2435 359 2518 §48:⁸)
462 2444 593 2500 nonest
615 2457 687 2523 erqo
709 2458 791 2501 neor
813 2438 956 2502 nocenda
978 2439 1123 2524 sepienti.
1167 2438 1241 2502 Pri-

79 2559 159 2603 mum
188 2539 269 2603 enim
298 2537 449 2622 impediri
477 2536 586 2601 studio
613 2536 833 2620 philosophiae
859 2558 915 2602 nee
937 2559 1029 2623 posse
1056 2557 1242 2623 quemquam

77 2639 163 2705 libris
184 2647 212 2704 et
234 2639 329 2704 uxori
345 2639 472 2723 puriter
492 2638 653 2702 inseruire.

154 2739 252 2823 §492
290 2738 327 2804 Si
349 2739 547 2804 doctissimus
568 2746 753 2824 praeceptor
773 2739 809 2802 ln
829 2737 966 2820 qnalibet
986 2737 1113 2801 urbiam
1134 2737 1243 2820 suerit,

78 2861 128 2905 nec
150 2859 278 2905 uxorem
302 2837 480 2922 relinquere
502 2859 558 2902 nee
578 2859 648 2902 enm
668 2839 801 2902 sancino
822 2838 870 2903 ire
878 2857 1058 2920 possemus.
1103 2836 1243 2902 Libertas

78 2933 343 3024 igituritinerum
370 2939 583 3004 faciendorum
606 2937 738 3003 tollitur.

153 3039 253 3123 §512
292 3038 443 3104 Voeundu
465 3039 595 3104 domina
618 3085 646 3102 ..

153 3139 248 3224 §5⁴22
280 3138 317 3204 Si
345 3147 441 3202 totum
468 3139 595 3203 domum
623 3138 793 3219 rependum
814 3139 842 3201 ei
869 3139 1076 3214 commiseris,
1107 3139 1242 3201 servien-

75 3243 147 3307 dum
170 3249 230 3306 est:
264 3241 293 3304 si
314 3239 440 3320 aliquid
461 3246 514 3303 tno
532 3240 667 3303 ariritrio
688 3239 909 3318 reservaveris,
929 3237 1022 3318 fidem
1051 3237 1112 3300 sibi
1132 3237 1243 3300 haberi

74 3363 132 3407 non
153 3341 277 3424 putabit
299 3341 354 3404 secl
375 3340 409 3403 in
440 3340 547 3402 odium
567 3345 702 3404 vertetur·
723 3360 760 3402 ee
781 3338 906 3418 inepiu,
942 3344 969 3400 et
998 3338 1062 3402 nisi
1091 3337 1150 3401 cilo
1171 3357 1241 3400 con·

74 3444 224 3521 uulneris,
252 3441 381 3526 parabit
402 3461 529 3506 venena.

154 3542 249 3626 §542
282 3542 373 3623 Quod
393 3543 422 3604 si
438 3548 571 3625 propter
590 3540 858 3620 dispensationem
889 3538 1001 3601 donans
1030 3544 1058 3600 et
1078 3536 1243 3620 lanpnom's

75 3645 191 3709 solacia
213 3650 241 3708 ei
261 3642 374 3725 scapum
397 3641 579 3707 solitudinis
598 3641 759 3703 ducuntur
781 3658 903 3716 uxeres,
926 3641 1025 3702 multo
1044 3637 1165 3702 melius
1179 3657 1242 3699 ser-

74 3764 128 3809 ens
148 3743 253 3832 fidelis
267 3744 437 3824 dispensat,
460 3742 604 3806 obediens
626 3742 809 3806 auctoritati
831 3740 951 3803 donnini
969 3745 996 3802 et
1012 3739 1243 3820 dispensationi

73 3847 138 3909 eins
160 3846 389 3927 obtemperans,
412 3864 507 3925 qnam
523 3863 613 3921 neor,
644 3863 724 3924 qnae
738 3843 773 3905 in
788 3861 821 3904 eo
834 3860 869 3904 se
889 3842 1047 3904 existimat
1068 3841 1241 3916 dominam,

77 3975 266 3982 --.„,-—.

142 4047 166 4116 1)
185 4047 225 4101 uf.
246 4046 319 4100 Felix
337 4047 425 4112 Book,
453 4045 624 4111 Aristoteles,
649 4044 864 4113 Theophrastus,
889 4042 990 4094 Seneca
1008 4041 1040 4093 de
1066 4040 1242 4105 matrimonio,

74 4133 144 4205 Llps.
165 4134 241 4201 1898,
259 4151 320 4203 pag.
339 4134 433 4187 7-11.

138 4221 167 4289 t)
187 4221 226 4274 Gt.
245 4220 316 4274 Boclr
336 4237 396 4289 pag.
415 4217 457 4272 43.

138 4309 166 4378 3)
186 4309 287 4362 Seneca
306 4307 346 4360 ed.
368 4307 462 4360 Haase.
