3140 5068
531 473 737 536 ..43-

36 655 101 706 Nou
115 671 148 706 eo
161 655 224 708 haec
234 655 302 714 dieo,
313 650 415 734 pergil
425 651 540 725 Philto,
549 627 613 728 quin
625 678 691 728 quae
708 665 737 714 tu
753 662 793 714 vis
810 678 859 728 ego
869 661 945 713 velim
958 665 984 714 et
1000 661 1094 715 faeiem
1105 663 1215 716 lubens:

37 750 89 802 Sed
116 767 169 819 ego
188 751 237 804 hoc
256 753 364 807 verbum
384 769 461 823 quom
481 756 520 809 illi
540 756 664 826 quoidam
683 757 751 824 dieo,
771 761 953 827 praemonstro
973 758 1031 824 tibi,

38 836 73 888 Ut
94 838 139 889 ita
160 843 186 890 te
208 837 319 891 aliorum
338 840 500 908 miserescat,
519 860 552 896 ne
571 844 606 895 tis
626 843 692 896 alios
711 845 841 898 misereat.

38 925 130 988 Haec
155 945 278 1009 quoque
309 927 481 993 admonitio
499 931 616 1015 optime
639 951 708 996 enm
732 930 860 1017 Epicuri
882 931 1022 996 doctrina
1045 931 1125 996 mihi
1148 953 1218 997 eon·

40 1032 167 1096 sentire
195 1032 338 1112 videtur,
378 1055 487 1119 quem,
531 1034 676 1121 quamvis
708 1030 819 1096 amieis
854 1031 998 1117 prodesse
1015 1023 1177 1110 studeret,
1195 1031 1219 1114 ¹)

41 1143 153 1196 tamen
187 1133 292 1198 omnia
324 1134 362 1198 ad
395 1155 483 1199 suam
514 1136 685 1200 utilitatem
717 1135 832 1198 referre
867 1131 997 1196 solitum
1029 1153 1096 1196 esse
1127 1153 1221 1218 supra

43 1230 235 1313 vidimus.²)

128 1335 251 1413 Restat,
283 1342 318 1398 ut
349 1335 387 1399 de
407 1335 552 1400 Alexidis
577 1337 666 1418 irgm.
688 1336 728 1399 23
751 1333 851 1414 (Koek
875 1334 906 1398 ΙΙ
936 1351 1004 1418 pag.
1026 1328 1103 1411 306)
1125 1330 1221 1396 verba

44 1434 219 1497 faciamus:
1130 1454 1138 1469 ·

244 1535 269 1586 τί
288 1531 374 1585 ταῦτα
393 1533 494 1606 ληρεῖς,
514 1530 666 1603 φληναφῶν
684 1530 742 1584 τίνω
760 1528 835 1584 κότω

245 1618 374 1683 Λύκειον,
390 1616 572 1691 Ἀκαδήμειαν
588 1615 712 1672 Ὠιδείου
731 1618 825 1686 πύλας,

245 1703 344 1776 λη’ρους
362 1705 514 1772 σοφιστῶν;
534 1703 597 1758 οὐδὲ
617 1703 648 1758 ἓν
667 1706 770 1758 τούτων
788 1702 881 1758 καλόν.

247 1793 380 1863 πίνωμεν,
400 1788 571 1863 ἐμπίνωμεν,
589 1777 610 1842 τύ
629 1791 732 1851 Σίκων,
753 1790 854 1866 Σίκων,

157 1879 174 1931 5
242 1880 394 1951 χαίρωμεν,
413 1875 464 1938 ἕως
482 1877 574 1932 ἔνεστι
593 1872 644 1949 την
663 1872 756 1948 ψυχὴν
776 1875 898 1949 τρέφειν.

248 1962 370 2034 τύρβαζε,
390 1962 484 2035 Μόνη.
513 1959 631 2038 γαστρός
650 1962 730 2017 ούδὲν
749 1957 835 2034 ἥδιον·

246 2045 315 2122 αύτη
336 2053 425 2123 πατηρ
444 2069 488 2104 σοι
508 2051 554 2104 καὶ
572 2049 657 2105 πόλιν
673 2047 766 2123 μητηρ
783 2047 866 2122 μόνη.

246 2133 344 2209 όρεταί
362 2137 392 2190 δὲ
409 2139 553 2209 πρεσβεῖαί
574 2155 604 2191 τε
623 2138 670 2190 καί
688 2139 854 2208 στρατηγίαι

248 2221 352 2296 κόμποι
371 2225 449 2278 κενοί
467 2222 610 2292 ψοφοῦσιν
626 2219 687 2277 ἄντ’
706 2220 867 2296 ὀνειράτων.

143 2313 175 2366 10
247 2307 329 2377 ψύξει
349 2328 379 2364 σε
397 2309 504 2382 δαίμων
523 2309 560 2380 τῷ
578 2309 750 2383 πεπρωμένῳ
765 2307 865 2383 χρόνῳ.

265 2395 338 2458 ἕξεις
354 2397 373 2448 d
378 2392 386 2411 '
404 2389 444 2449 ὅτ’
463 2393 497 2450 όν
516 2397 607 2472 φάγῃς
626 2397 721 2450 τεκαὶ
739 2398 804 2470 πίης
818 2393 901 2467 μόνα,

246 2480 346 2543 σποδὸς
364 2482 394 2537 δὲ
413 2481 506 2549 τᾶλλα,
527 2482 690 2554 Περικλέης,
715 2477 832 2555 Κόδρος,
854 2481 962 2552 Κίμων,

54 2575 150 2638 Cuius
173 2572 340 2655 fragmenti
362 2571 504 2636 versibus
527 2574 640 2651 4-1-2,
663 2569 777 2655 quibus
800 2589 907 2633 servus
917 2567 944 2648 ⁸)
966 2567 1082 2653 aliquis
1104 2587 1224 2632 conser-

53 2695 139 2751 vum,
156 2673 222 2737 vita
240 2681 274 2735 ut
291 2673 421 2752 fruatur,
440 2662 595 2750 admonet,
613 2669 741 2756 Epicuri
757 2669 834 2754 quin
851 2669 1045 2754 exprimatur
1059 2666 1225 2748 sententia,

55 2773 175 2836 nemini
210 2780 310 2856 potest
342 2792 409 2836 esse
443 2771 574 2835 dubium
605 2790 706 2855 neque
735 2770 793 2833 han
823 2769 861 2832 de
890 2790 923 2832 re
950 2789 1026 2853 opus
1057 2779 1104 2832 est
1132 2768 1226 2832 verbe

57 2875 173 2949 iaeere;
187 2873 240 2936 sed
254 2871 371 2956 primos
381 2891 513 2955 quoque,
526 2871 641 2954 quibus
656 2870 848 2955 philosophis
860 2869 1030 2951 maledicit,
1042 2869 1079 2933 ad
1091 2869 1225 2933 eundem

58 2994 123 3036 esse
144 2972 321 3036 referendos
345 2993 383 3035 ex
404 2971 530 3055 Epicuri
560 2973 650 3053 lrgm.
673 2971 735 3035 238
765 2971 994 3054 cognoscimus,
1026 2969 1108 3033 nude
1127 2968 1226 3052 magi·

59 3083 154 3136 strum
178 3092 305 3158 prorsus
327 3071 434 3136 eodem
465 3069 553 3135 modo
576 3071 609 3135 iu
631 3079 749 3136 eeteros
769 3070 968 3156 philosophos
990 3089 1226 3152 nonnumquam

61 3193 124 3235 esse
146 3172 305 3236 invectum
329 3170 489 3236 discimus

137 3274 181 3336 Cf.
204 3275 295 3354 frgm.
309 3271 370 3337 238
392 3269 496 3353 (Diog.
509 3269 542 3334 L.
564 3267 657 3350 X8):
680 3269 755 3344 τούς
775 3293 812 3332 τε
835 3271 911 3350 περὶ
936 3270 1100 3335 Πλάτωνα
1124 3272 1226 3355 (Ἐπί-

61 3393 166 3450 κουρος
193 3368 317 3451 ἐκάλει)
346 3367 626 3443 Διονυσοκόλακας
662 3369 717 3431 καί
758 3367 861 3434 αύτόν
893 3371 1055 3435 Πλάτωνα
1083 3377 1228 3453 χρυσοῦν·

153 3469 363 3551 Ἡράκλειτόν
397 3491 430 3530 τε
461 3469 603 3552 κυκητήν
632 3469 686 3532 καὶ
708 3467 913 3554 Δημόκριτον
933 3470 1142 3554 Δημόκριτον
1173 3475 1227 3537 καὶ

66 3571 245 3652 Ἀντίδωρον
266 3569 475 3650 Σαννίδωρον
500 3568 577 3644 τούς
605 3592 642 3631 τε
671 3571 818 3643 κυνικούς
844 3571 984 3653 ἐχθρούς
1002 3575 1059 3655 τῆς
1079 3571 1230 3647 Ἑλλάδος

65 3671 117 3731 καί
142 3671 214 3744 τούς
247 3668 466 3743 διαλεκτικούς
498 3667 734 3751 πολυφθόρους
763 3669 924 3752 Πύρρωνα
957 3671 995 3734 δὲ
1023 3671 1145 3757 ἀμαθῆ
1173 3673 1228 3735 καί

67 3770 274 3832 αἰιαίδευιον.

143 3871 179 3934 Et
211 3870 289 3934 haee
322 3870 448 3954 quidem
483 3871 608 3956 Epicuri
645 3871 847 3959 placitorum,
885 3895 963 3959 quae
1000 3872 1082 3962 apud
1125 3883 1229 3958 poetas

71 3969 201 4050 comicos,
226 3970 417 4040 invenimus.
450 3971 593 4055 vestigia.
638 3974 706 4038 Non
728 3969 798 4040 sine
821 3975 905 4040 luero
928 3982 1032 4038 autem
1059 3995 1125 4038 esse
1147 3973 1229 4038 arbi-
